2468 3832
432 128 602 185 ursusrv.
631 128 709 184 one.
728 135 807 185 1-4.
851 200 854 204 ,
1032 127 1123 213 ¹127

110 294 191 358 mati
206 292 328 358 milites
351 292 562 376 accipiebant,
585 293 766 376 gregalium
784 292 933 374 portione
953 295 1124 356 contentus

109 383 184 466 fuit,
217 382 342 453 malum
365 381 469 446 ciuem
498 382 621 464 dicens,
648 381 700 446 cui
727 402 794 446 non
821 385 909 446 esset
930 380 1015 445 idem
1039 381 1124 464 quod
1193 409 1197 417 ·

110 471 227 537 ceteris
252 470 342 534 satis.

178 561 228 624 13.
261 557 415 624 Uniuersi
434 579 560 643 quoque
580 558 738 623 exercitus
761 557 917 623 notabilis
941 579 1038 640 saepe
1059 558 1124 622 fuit

75 656 76 659 ’
110 647 318 730 continentia,
337 647 420 711 sicut
439 647 507 712 eius
527 647 583 731 qui
602 646 661 711 sub
681 645 723 710 M.
739 643 860 711 Scauro
879 646 1005 712 meruit.
1033 668 1121 710 nam·
1142 661 1158 712 ὅ

109 759 170 820 que
203 736 376 800 memoriae
408 736 544 800 tradidit
572 733 709 800 Scaurus
741 735 933 818 pomiferam
965 734 1125 819 arborem,

109 847 206 908 quam
238 825 272 888 in
304 825 384 909 pede
418 829 598 889 castrorum
634 825 742 888 fuerat
774 823 943 907 complexa
978 822 1125 908 metatio,

109 918 241 998 postero
279 913 331 979 die
364 913 503 978 abeunte
541 914 684 978 exercitu
719 912 851 977 intactis
883 912 1043 977 fructibus
1076 933 1124 976 re-

108 1004 227 1068 lictam.

177 1092 228 1156 14.
260 1089 426 1173 Auspiciis
448 1088 661 1172 Imperatoris
685 1086 834 1154 Caesaris
853 1089 1033 1155 Domitiani
1057 1091 1123 1154 Au·
1143 1107 1177 1156 10

108 1180 197 1263 gusti
221 1177 413 1242 Germanico
441 1178 546 1262 bello,
575 1179 660 1262 quod
687 1176 788 1241 Iulius
813 1175 928 1242 Oiuilis
955 1179 989 1242 in
1015 1177 1123 1243 Gallia

107 1270 266 1348 mouerat,
287 1265 471 1350 Lingonum
495 1266 740 1350 opulentissima
763 1267 887 1351 ciuitas,
911 1287 992 1350 quae
1011 1267 1050 1330 ad
1071 1264 1123 1331 Gi-

109 1357 216 1420 uilsm'
242 1355 440 1439 desciuerat,
472 1376 544 1420 cum
576 1354 768 1420 adueniente
802 1355 944 1420 exercitu
973 1352 1122 1420 Caesaris

108 1444 352 1529 populationem
375 1445 514 1528 timeret,
537 1444 623 1530 quod
642 1449 754 1509 contra
777 1445 1051 1528 exspectationem
1075 1445 1122 1508 in-

109 1532 230 1599 uiolata
261 1532 344 1598 nihil
377 1554 416 1597 ex
447 1533 543 1601 rebus
573 1534 640 1598 suis
664 1533 835 1616 amiserat,
867 1532 908 1599 ad
931 1533 1121 1617 obsequium
1143 1548 1175 1598 15

107 1622 239 1687 redacta
263 1622 471 1707 septuaginta
493 1622 586 1685 milia
609 1625 808 1687 armatorum
831 1620 967 1685 tradidit
988 1617 1085 1686 mihi(

176 1711 225 1776 15.
259 1710 294 1775 L.
318 1709 502 1792 Mummius,
526 1710 581 1795 qui
600 1706 757 1774 Corintho
782 1711 877 1794 capta
899 1732 965 1774 non
987 1709 1122 1775 Italiam

107 1800 215 1865 solum
248 1798 304 1864 sed
337 1800 435 1862 etiam
462 1798 649 1881 prouincias
676 1797 797 1861 tabulis
826 1797 1013 1880 statuisque
1031 1819 1122 1863 exor-

106 1888 214 1970 nauit,
242 1887 322 1951 adeo
350 1887 433 1950 nihil
467 1908 505 1950 ex
537 1886 639 1950 tantis
669 1884 831 1950 manubiis
859 1886 894 1950 in
924 1908 1019 1949 suum
1049 1907 1121 1951 con-

107 1975 228 2125 uertit,t
248 1977 285 2038 ut
307 1974 410 2039 ffliam
439 1975 507 2038 eius
535 1974 664 2059 inopem
694 1977 826 2039 senatus
850 1995 888 2037 ex
911 1973 1043 2058 publico
1067 1973 1121 2040 do·
1140 1991 1175 2041 20

107 2064 236 2127 taueri.

451 2236 511 2291 un.
538 2235 588 2291 un
606 2235 794 2321 msumm„

174 2384 204 2446 1.
236 2379 374 2447 Camillo
397 2380 541 2447 Faliscos
572 2382 735 2448 obsidenti
762 2382 830 2446 ludi
857 2383 1014 2467 magister
1043 2382 1120 2446 libe-

105 2491 159 2534 ros
182 2468 385 2535 Faliscorum
407 2476 576 2554 tamquam
604 2470 792 2535 ambulandi
815 2492 914 2535 causa
937 2472 1029 2534 extra
1052 2492 1120 2534 mu·

105 2579 177 2623 rum
210 2557 342 2639 eductos
374 2558 528 2639 tradidit,
561 2558 670 2622 dicens
701 2559 836 2623 retentis
870 2559 917 2622 eis
952 2558 1120 2623 obsidibus
1139 2576 1173 2626 11

105 2644 287 2709 necessario
307 2645 474 2709 ciuitatem
488 2647 649 2730 imperata
663 2647 832 2711 facturam.
878 2645 1035 2712 Camillus
1054 2668 1121 2711 non

106 2734 212 2797 solum
245 2734 370 2818 spreuit
392 2733 576 2818 perfidiam,
604 2735 659 2799 sed
688 2739 721 2798 et
748 2735 905 2800 restrictis
928 2740 1004 2818 post
1026 2738 1121 2819 terga

105 2821 257 2886 manibus
281 2823 476 2906 magistrum
498 2823 601 2907 uirgis
633 2823 793 2907 agendum
816 2822 1030 2907 adparentes
1053 2828 1120 2888 tra·

175 3005 191 3052 5
209 3012 304 3052 marco
322 2996 358 3052 H
363 2997 418 3067 Pq
443 3004 459 3053 6
479 3013 593 3052 scauros
612 2997 647 3051 H
666 3013 797 3053 escaurus
818 2998 846 3052 P
869 2999 874 3067 Ι
900 3004 932 3052 11
952 2996 1120 3053 Germanico

104 3067 169 3123 GH
172 3069 201 3122 P
218 3067 378 3123 Germanici
392 3069 455 3124 eod
491 3067 557 3122 ilius
567 3069 617 3136 H}
635 3074 668 3123 12
682 3069 828 3138 lingonum
842 3070 959 3138 (porion
971 3071 1118 3138 superaus.)

103 3140 138 3192 H
149 3142 154 3207 Ι
172 3144 205 3193 13
224 3137 421 3194 aduenientem
476 3139 521 3207 ΡΙ
544 3143 577 3194 14
595 3139 760 3195 inuiolatam
778 3141 817 3208 tl
839 3145 872 3194 15
890 3140 939 3209 ad]
959 3139 995 3193 ab
1016 3138 1063 3206 Gt
1086 3146 1119 3195 16

102 3210 172 3264 mihi
192 3210 258 3265 GH
262 3211 289 3264 P
306 3209 332 3265 ei
350 3211 431 3276 cdd!
458 3216 491 3265 1⁷
510 3210 613 3265 Lucius
627 3210 673 3278 G!
694 3213 807 3280 captam
824 3211 850 3267 G
869 3215 874 3276 1
895 3215 928 3265 18
947 3209 1120 3280 prouintiam

102 3279 148 3352 ΡΙ
166 3286 198 3336 19
218 3281 355 3338 exstantis
371 3282 418 3351 ΡΙ
433 3287 469 3336 20
486 3283 519 3335 ut
536 3280 624 3336 filiam
644 3282 716 3354 eius]
735 3282 803 3336 infla
821 3282 888 3337 eiG
905 3284 909 3349 Ι
925 3282 1075 3336 dotauerat
1091 3281 1124 3338 H

174 3358 208 3406 22
227 3355 339 3408 titulum
356 3353 388 3408 in
406 3369 491 3422 muro.
506 3353 586 3408 tutet
599 3352 634 3406 H
645 3355 650 3421 Ι
671 3358 705 3407 25
724 3352 841 3408 retentis
855 3354 978 3409 Ioannes
992 3352 1118 3408 Succede-

103 3423 203 3478 rimcr'e
221 3423 319 3480 Policr.
340 3426 399 3493 5,7
421 3423 576 3493 repetentis
597 3422 663 3479 611
677 3424 838 3494 repetendis
852 3425 901 3492 ΡΙ
927 3423 1118 3480 obsidionibus

102 3492 138 3548 H
140 3492 149 3522 ¹
166 3497 170 3564 Ι
187 3499 222 3548 26
239 3493 407 3566 imperatam
425 3496 443 3549 lc
506 3546 508 3549 .
