<?xml version="1.0" encoding="UTF-8"?>
<!DOCTYPE html PUBLIC "-//W3C//DTD XHTML 1.0 Transitional//EN"
    "http://www.w3.org/TR/xhtml1/DTD/xhtml1-transitional.dtd">
<html xmlns="http://www.w3.org/1999/xhtml" xml:lang="en" lang="en">
 <head>
  <title>
</title>
<meta http-equiv="Content-Type" content="text/html;charset=utf-8" />
  <meta name='ocr-system' content='tesseract 3.04.00' />
  <meta name='ocr-capabilities' content='ocr_page ocr_carea ocr_par ocr_line ocrx_word'/>
</head>
<body>
  <div class='ocr_page' id='page_1' title='image "./ivlifrontinistr01gundgoog_0123.png"; bbox 0 0 2468 3832; ppageno 0'>
   <div class='ocr_carea' id='block_1_1' title="bbox 157 125 971 222">
    <p class='ocr_par' dir='ltr' id='par_1_1' title="bbox 157 125 971 222">
     <span class='ocr_line' id='line_1_1' title="bbox 157 125 971 222; baseline 0.004 -42"><span class='ocrx_word' id='word_1_1' title='bbox 157 125 199 189; x_wconf 84' lang='lat'><strong>98</strong></span> <span class='ocrx_word' id='word_1_2' title='bbox 361 126 438 181; x_wconf 84' lang='lat' dir='ltr'>IULI</span> <span class='ocrx_word' id='word_1_3' title='bbox 455 125 633 182; x_wconf 82' lang='lat' dir='ltr'><strong>FRONTINI</strong></span> <span class='ocrx_word' id='word_1_4' title='bbox 652 125 971 222; x_wconf 73' lang='lat' dir='ltr'><strong>sunnrndnnnron</strong></span> 
     </span>
    </p>
   </div>
   <div class='ocr_carea' id='block_1_2' title="bbox 121 288 1174 997">
    <p class='ocr_par' dir='ltr' id='par_1_2' title="bbox 155 288 1174 640">
     <span class='ocr_line' id='line_1_2' title="bbox 224 288 1172 376; baseline 0.003 -23"><span class='ocrx_word' id='word_1_5' title='bbox 224 291 252 353; x_wconf 81' lang='lat'><strong>7.</strong></span> <span class='ocrx_word' id='word_1_6' title='bbox 287 288 482 374; x_wconf 81' lang='lat' dir='ltr'><strong>Cleonymus</strong></span> <span class='ocrx_word' id='word_1_7' title='bbox 506 288 715 354; x_wconf 88' lang='lat' dir='ltr'><strong>Atheniensis</strong></span> <span class='ocrx_word' id='word_1_8' title='bbox 739 288 946 375; x_wconf 82' lang='lat' dir='ltr'><strong>Troezenios,</strong></span> <span class='ocrx_word' id='word_1_9' title='bbox 970 291 1025 375; x_wconf 92' lang='lat' dir='ltr'><strong>qni</strong></span> <span class='ocrx_word' id='word_1_10' title='bbox 1048 293 1172 376; x_wconf 88' lang='lat' dir='ltr'><strong>praesi-</strong></span> 
     </span>
     <span class='ocr_line' id='line_1_3' title="bbox 156 377 1174 466; baseline 0.004 -24"><span class='ocrx_word' id='word_1_11' title='bbox 156 379 208 442; x_wconf 91' lang='lat' dir='ltr'><strong>dio</strong></span> <span class='ocrx_word' id='word_1_12' title='bbox 233 377 359 443; x_wconf 87' lang='lat' dir='ltr'><strong>Crateri</strong></span> <span class='ocrx_word' id='word_1_13' title='bbox 381 385 452 443; x_wconf 90' lang='lat' dir='ltr'><strong>tum</strong></span> <span class='ocrx_word' id='word_1_14' title='bbox 474 378 682 462; x_wconf 85' lang='lat' dir='ltr'><strong>tenebantur,</strong></span> <span class='ocrx_word' id='word_1_15' title='bbox 711 378 884 462; x_wconf 79' lang='lat' dir='ltr'><strong>adgressus</strong></span> <span class='ocrx_word' id='word_1_16' title='bbox 908 380 975 443; x_wconf 88' lang='lat' dir='ltr'><strong>tela</strong></span> <span class='ocrx_word' id='word_1_17' title='bbox 1002 381 1174 466; x_wconf 84' lang='lat' dir='ltr'><strong>quaedam,</strong></span> 
     </span>
     <span class='ocr_line' id='line_1_4' title="bbox 155 466 1172 553; baseline 0.004 -23"><span class='ocrx_word' id='word_1_18' title='bbox 155 467 189 530; x_wconf 94' lang='lat' dir='ltr'><strong>in</strong></span> <span class='ocrx_word' id='word_1_19' title='bbox 222 466 339 553; x_wconf 88' lang='lat' dir='ltr'><strong>quibus</strong></span> <span class='ocrx_word' id='word_1_20' title='bbox 373 467 530 551; x_wconf 85' lang='lat' dir='ltr'><strong>seriptum</strong></span> <span class='ocrx_word' id='word_1_21' title='bbox 561 469 632 530; x_wconf 90' lang='lat' dir='ltr'><strong>erat</strong></span> <span class='ocrx_word' id='word_1_22' title='bbox 667 468 796 532; x_wconf 89' lang='lat' dir='ltr'><strong>uenisse</strong></span> <span class='ocrx_word' id='word_1_23' title='bbox 828 490 862 532; x_wconf 89' lang='lat' dir='ltr'><strong>se</strong></span> <span class='ocrx_word' id='word_1_24' title='bbox 895 469 936 532; x_wconf 89' lang='lat' dir='ltr'><strong>ad</strong></span> <span class='ocrx_word' id='word_1_25' title='bbox 967 469 1172 534; x_wconf 82' lang='lat' dir='ltr'><strong>liberandam</strong></span> 
     </span>
     <span class='ocr_line' id='line_1_5' title="bbox 156 554 1172 640; baseline 0.004 -20"><span class='ocrx_word' id='word_1_26' title='bbox 156 578 267 622; x_wconf 90' lang='lat' dir='ltr'><strong>eorum</strong></span> <span class='ocrx_word' id='word_1_27' title='bbox 285 578 355 620; x_wconf 91' lang='lat' dir='ltr'><strong>rem</strong></span> <span class='ocrx_word' id='word_1_28' title='bbox 373 556 548 640; x_wconf 80' lang='lat' dir='ltr'><strong>publicam,</strong></span> <span class='ocrx_word' id='word_1_29' title='bbox 571 554 658 619; x_wconf 89' lang='lat' dir='ltr'><strong>intra</strong></span> <span class='ocrx_word' id='word_1_30' title='bbox 681 578 790 622; x_wconf 90' lang='lat' dir='ltr'><strong>muros</strong></span> <span class='ocrx_word' id='word_1_31' title='bbox 809 557 885 622; x_wconf 88' lang='lat' dir='ltr'><strong>ieoit</strong></span> <span class='ocrx_word' id='word_1_32' title='bbox 904 561 937 621; x_wconf 94' lang='lat' dir='ltr'><strong>et</strong></span> <span class='ocrx_word' id='word_1_33' title='bbox 955 557 1067 622; x_wconf 91' lang='lat' dir='ltr'><strong>eodem</strong></span> <span class='ocrx_word' id='word_1_34' title='bbox 1090 562 1172 624; x_wconf 91' lang='lat' dir='ltr'><strong>tem·</strong></span> 
     </span>
    </p>

    <p class='ocr_par' dir='ltr' id='par_1_3' title="bbox 121 643 1172 997">
     <span class='ocr_line' id='line_1_6' title="bbox 121 643 1172 733; baseline 0.002 -23"><span class='ocrx_word' id='word_1_35' title='bbox 121 665 234 729; x_wconf 79' lang='lat' dir='ltr'><strong>spere</strong></span> <span class='ocrx_word' id='word_1_36' title='bbox 268 645 414 730; x_wconf 88' lang='lat' dir='ltr'><strong>captiuos</strong></span> <span class='ocrx_word' id='word_1_37' title='bbox 443 643 600 729; x_wconf 88' lang='lat' dir='ltr'><strong>quosdam</strong></span> <span class='ocrx_word' id='word_1_38' title='bbox 628 645 819 710; x_wconf 80' lang='lat' dir='ltr'><strong>conciliatos</strong></span> <span class='ocrx_word' id='word_1_39' title='bbox 848 645 911 710; x_wconf 90' lang='lat' dir='ltr'><strong>sibi</strong></span> <span class='ocrx_word' id='word_1_40' title='bbox 938 646 1082 730; x_wconf 79' lang='lat' dir='ltr'><strong>remisit,</strong></span> <span class='ocrx_word' id='word_1_41' title='bbox 1115 650 1172 733; x_wconf 90' lang='lat' dir='ltr'><strong>qui</strong></span> 
     </span>
     <span class='ocr_line' id='line_1_7' title="bbox 156 732 1172 818; baseline 0 -18"><span class='ocrx_word' id='word_1_42' title='bbox 156 733 328 800; x_wconf 78' lang='lat' dir='ltr'><strong>Craterum</strong></span> <span class='ocrx_word' id='word_1_43' title='bbox 358 732 594 797; x_wconf 80' lang='lat' dir='ltr'><strong>detractarent:</strong></span> <span class='ocrx_word' id='word_1_44' title='bbox 624 754 683 818; x_wconf 92' lang='lat' dir='ltr'><strong>per</strong></span> <span class='ocrx_word' id='word_1_45' title='bbox 714 732 776 798; x_wconf 86' lang='lat' dir='ltr'><strong>hoe</strong></span> <span class='ocrx_word' id='word_1_46' title='bbox 807 734 980 799; x_wconf 88' lang='lat' dir='ltr'><strong>eonsilium</strong></span> <span class='ocrx_word' id='word_1_47' title='bbox 1011 736 1172 801; x_wconf 86' lang='lat' dir='ltr'><strong>seditione</strong></span> 
     </span>
     <span class='ocr_line' id='line_1_8' title="bbox 155 821 1171 904; baseline 0.001 -16"><span class='ocrx_word' id='word_1_48' title='bbox 155 823 312 888; x_wconf 87' lang='lat' dir='ltr'><strong>intestina</strong></span> <span class='ocrx_word' id='word_1_49' title='bbox 350 821 435 904; x_wconf 86' lang='lat' dir='ltr'><strong>apud</strong></span> <span class='ocrx_word' id='word_1_50' title='bbox 472 823 623 886; x_wconf 88' lang='lat' dir='ltr'><strong>obsessos</strong></span> <span class='ocrx_word' id='word_1_51' title='bbox 656 821 822 887; x_wconf 77' lang='lat' dir='ltr'><strong>concitata</strong></span> <span class='ocrx_word' id='word_1_52' title='bbox 854 823 984 888; x_wconf 89' lang='lat' dir='ltr'><strong>admoto</strong></span> <span class='ocrx_word' id='word_1_53' title='bbox 1027 826 1171 890; x_wconf 82' lang='lat' dir='ltr'><strong>exercitu</strong></span> 
     </span>
     <span class='ocr_line' id='line_1_9' title="bbox 155 910 521 997; baseline -0.003 -20"><span class='ocrx_word' id='word_1_54' title='bbox 155 912 280 997; x_wconf 87' lang='lat' dir='ltr'><strong>potitus</strong></span> <span class='ocrx_word' id='word_1_55' title='bbox 304 915 354 974; x_wconf 90' lang='lat' dir='ltr'><strong>est</strong></span> <span class='ocrx_word' id='word_1_56' title='bbox 377 910 521 976; x_wconf 79' lang='lat' dir='ltr'><strong>ciuitate.</strong></span> 
     </span>
    </p>
   </div>
   <div class='ocr_carea' id='block_1_3' title="bbox 199 1065 1128 1124">
    <p class='ocr_par' dir='ltr' id='par_1_4' title="bbox 199 1065 1128 1124">
     <span class='ocr_line' id='line_1_10' title="bbox 199 1065 1128 1124; baseline 0.002 -2"><span class='ocrx_word' id='word_1_57' title='bbox 199 1067 259 1122; x_wconf 84' lang='lat' dir='ltr'><strong>Vll.</strong></span> <span class='ocrx_word' id='word_1_58' title='bbox 288 1065 337 1121; x_wconf 86' lang='lat' dir='ltr'><strong>DE</strong></span> <span class='ocrx_word' id='word_1_59' title='bbox 356 1065 554 1122; x_wconf 83' lang='lat' dir='ltr'>FLUMINUM</span> <span class='ocrx_word' id='word_1_60' title='bbox 571 1065 824 1122; x_wconf 81' lang='lat' dir='ltr'><strong>DERIVATIONE</strong></span> <span class='ocrx_word' id='word_1_61' title='bbox 843 1066 892 1121; x_wconf 83' lang='lat' dir='ltr'><strong>ET</strong></span> <span class='ocrx_word' id='word_1_62' title='bbox 910 1067 1128 1124; x_wconf 83' lang='lat' dir='ltr'><strong>VITIATIONE</strong></span> 
     </span>
    </p>
   </div>
   <div class='ocr_carea' id='block_1_4' title="bbox 104 1155 758 1223">
    <p class='ocr_par' dir='ltr' id='par_1_5' title="bbox 104 1155 758 1223">
     <span class='ocr_line' id='line_1_11' title="bbox 104 1155 758 1223; baseline -0.002 -12"><span class='ocrx_word' id='word_1_63' title='bbox 104 1163 137 1211; x_wconf 84' lang='lat'><strong>10</strong></span> <span class='ocrx_word' id='word_1_64' title='bbox 566 1155 758 1223; x_wconf 82' lang='lat' dir='ltr'><strong>AQUARUM.</strong></span> 
     </span>
    </p>
   </div>
   <div class='ocr_carea' id='block_1_5' title="bbox 53 1264 1170 2592">
    <p class='ocr_par' dir='ltr' id='par_1_6' title="bbox 53 1264 1170 1884">
     <span class='ocr_line' id='line_1_12' title="bbox 225 1264 1170 1352; baseline 0.004 -22"><span class='ocrx_word' id='word_1_65' title='bbox 225 1269 252 1330; x_wconf 90' lang='lat'><strong>1.</strong></span> <span class='ocrx_word' id='word_1_66' title='bbox 284 1267 319 1330; x_wconf 86' lang='lat' dir='ltr'><strong>P.</strong></span> <span class='ocrx_word' id='word_1_67' title='bbox 344 1265 500 1332; x_wconf 84' lang='lat' dir='ltr'><strong>Seruilius</strong></span> <span class='ocrx_word' id='word_1_68' title='bbox 524 1264 672 1329; x_wconf 85' lang='lat' dir='ltr'><strong>Isauram</strong></span> <span class='ocrx_word' id='word_1_69' title='bbox 695 1266 864 1350; x_wconf 84' lang='lat' dir='ltr'><strong>oppidum,</strong></span> <span class='ocrx_word' id='word_1_70' title='bbox 886 1266 1017 1331; x_wconf 90' lang='lat' dir='ltr'><strong>flumine</strong></span> <span class='ocrx_word' id='word_1_71' title='bbox 1041 1289 1080 1332; x_wconf 78' lang='lat' dir='ltr'><strong>ex</strong></span> <span class='ocrx_word' id='word_1_72' title='bbox 1104 1290 1170 1352; x_wconf 90' lang='lat' dir='ltr'><strong>quo</strong></span> 
     </span>
     <span class='ocr_line' id='line_1_13' title="bbox 53 1354 1170 1443; baseline 0.004 -25"><span class='ocrx_word' id='word_1_73' title='bbox 53 1437 56 1443; x_wconf 87' lang='lat'><strong>.</strong></span> <span class='ocrx_word' id='word_1_74' title='bbox 154 1354 266 1420; x_wconf 88' lang='lat' dir='ltr'><strong>hostes</strong></span> <span class='ocrx_word' id='word_1_75' title='bbox 297 1355 501 1438; x_wconf 75' lang='lat' dir='ltr'><strong>aquabantur</strong></span> <span class='ocrx_word' id='word_1_76' title='bbox 532 1375 662 1438; x_wconf 83' lang='lat' dir='ltr'><strong>auerso,</strong></span> <span class='ocrx_word' id='word_1_77' title='bbox 697 1354 738 1419; x_wconf 89' lang='lat' dir='ltr'><strong>ad</strong></span> <span class='ocrx_word' id='word_1_78' title='bbox 771 1355 967 1427; x_wconf 87' lang='lat' dir='ltr'><strong>deditionem</strong></span> <span class='ocrx_word' id='word_1_79' title='bbox 999 1355 1054 1421; x_wconf 86' lang='lat' dir='ltr'><strong>siti</strong></span> <span class='ocrx_word' id='word_1_80' title='bbox 1084 1378 1170 1422; x_wconf 84' lang='lat' dir='ltr'><strong>oom-</strong></span> 
     </span>
     <span class='ocr_line' id='line_1_14' title="bbox 153 1445 902 1526; baseline 0.015 -20"><span class='ocrx_word' id='word_1_81' title='bbox 153 1445 248 1526; x_wconf 87' lang='lat' dir='ltr'><strong>pulit.</strong></span> <span class='ocrx_word' id='word_1_82' title='bbox 897 1509 902 1517; x_wconf 95' lang='lat'><strong>.</strong></span> 
     </span>
     <span class='ocr_line' id='line_1_15' title="bbox 221 1527 1170 1600; baseline 0.004 -4"><span class='ocrx_word' id='word_1_83' title='bbox 221 1533 251 1596; x_wconf 79' lang='lat'><strong>2.</strong></span> <span class='ocrx_word' id='word_1_84' title='bbox 285 1529 319 1596; x_wconf 91' lang='lat' dir='ltr'><strong>C.</strong></span> <span class='ocrx_word' id='word_1_85' title='bbox 334 1529 454 1595; x_wconf 86' lang='lat' dir='ltr'><strong>Caesar</strong></span> <span class='ocrx_word' id='word_1_86' title='bbox 472 1530 504 1594; x_wconf 87' lang='lat' dir='ltr'><strong>in</strong></span> <span class='ocrx_word' id='word_1_87' title='bbox 521 1528 630 1594; x_wconf 85' lang='lat' dir='ltr'><strong>Callia</strong></span> <span class='ocrx_word' id='word_1_88' title='bbox 644 1527 864 1596; x_wconf 81' lang='lat' dir='ltr'><strong>Cadurcorum</strong></span> <span class='ocrx_word' id='word_1_89' title='bbox 883 1530 1051 1597; x_wconf 83' lang='lat' dir='ltr'><strong>ciuitatem</strong></span> <span class='ocrx_word' id='word_1_90' title='bbox 1074 1556 1170 1600; x_wconf 87' lang='lat' dir='ltr'><strong>amne</strong></span> 
     </span>
     <span class='ocr_line' id='line_1_16' title="bbox 102 1618 1169 1706; baseline -0.001 -18"><span class='ocrx_word' id='word_1_91' title='bbox 102 1640 134 1690; x_wconf 80' lang='lat'><strong>15</strong></span> <span class='ocrx_word' id='word_1_92' title='bbox 154 1621 296 1686; x_wconf 82' lang='lat' dir='ltr'><strong>cinctam</strong></span> <span class='ocrx_word' id='word_1_93' title='bbox 311 1623 344 1684; x_wconf 93' lang='lat' dir='ltr'><strong>et</strong></span> <span class='ocrx_word' id='word_1_94' title='bbox 358 1618 504 1683; x_wconf 89' lang='lat' dir='ltr'><strong>fontibus</strong></span> <span class='ocrx_word' id='word_1_95' title='bbox 520 1618 737 1684; x_wconf 77' lang='lat' dir='ltr'><strong>abundantem</strong></span> <span class='ocrx_word' id='word_1_96' title='bbox 756 1618 797 1683; x_wconf 89' lang='lat' dir='ltr'><strong>ad</strong></span> <span class='ocrx_word' id='word_1_97' title='bbox 816 1621 961 1703; x_wconf 89' lang='lat' dir='ltr'><strong>inopiam</strong></span> <span class='ocrx_word' id='word_1_98' title='bbox 981 1643 1083 1706; x_wconf 89' lang='lat' dir='ltr'><strong>aquae</strong></span> <span class='ocrx_word' id='word_1_99' title='bbox 1098 1625 1169 1688; x_wconf 91' lang='lat' dir='ltr'><strong>red-</strong></span> 
     </span>
     <span class='ocr_line' id='line_1_17' title="bbox 154 1707 1169 1795; baseline 0.002 -21"><span class='ocrx_word' id='word_1_100' title='bbox 154 1711 240 1795; x_wconf 81' lang='lat' dir='ltr'><strong>egit,</strong></span> <span class='ocrx_word' id='word_1_101' title='bbox 263 1730 336 1787; x_wconf 86' lang='lat' dir='ltr'><strong>eum</strong></span> <span class='ocrx_word' id='word_1_102' title='bbox 355 1707 463 1772; x_wconf 90' lang='lat' dir='ltr'><strong>fontes</strong></span> <span class='ocrx_word' id='word_1_103' title='bbox 483 1707 639 1773; x_wconf 83' lang='lat' dir='ltr'><strong>cuniculis</strong></span> <span class='ocrx_word' id='word_1_104' title='bbox 664 1708 838 1774; x_wconf 88' lang='lat' dir='ltr'><strong>auertisset</strong></span> <span class='ocrx_word' id='word_1_105' title='bbox 860 1713 893 1774; x_wconf 90' lang='lat' dir='ltr'><strong>et</strong></span> <span class='ocrx_word' id='word_1_106' title='bbox 910 1709 1053 1776; x_wconf 88' lang='lat' dir='ltr'><strong>fluminis</strong></span> <span class='ocrx_word' id='word_1_107' title='bbox 1074 1733 1169 1776; x_wconf 89' lang='lat' dir='ltr'><strong>usum</strong></span> 
     </span>
     <span class='ocr_line' id='line_1_18' title="bbox 152 1796 615 1884; baseline -0.011 -19"><span class='ocrx_word' id='word_1_108' title='bbox 152 1821 211 1882; x_wconf 93' lang='lat' dir='ltr'><strong>per</strong></span> <span class='ocrx_word' id='word_1_109' title='bbox 234 1798 425 1884; x_wconf 82' lang='lat' dir='ltr'><strong>sagittarios</strong></span> <span class='ocrx_word' id='word_1_110' title='bbox 449 1796 615 1862; x_wconf 83' lang='lat' dir='ltr'><strong>arcuisset.</strong></span> 
     </span>
    </p>

    <p class='ocr_par' dir='ltr' id='par_1_7' title="bbox 219 1884 1168 1970">
     <span class='ocr_line' id='line_1_19' title="bbox 219 1884 1168 1970; baseline -0.001 -16"><span class='ocrx_word' id='word_1_111' title='bbox 219 1889 248 1954; x_wconf 90' lang='lat'><strong>3.</strong></span> <span class='ocrx_word' id='word_1_112' title='bbox 277 1887 313 1951; x_wconf 89' lang='lat' dir='ltr'><strong>L.</strong></span> <span class='ocrx_word' id='word_1_113' title='bbox 336 1885 488 1951; x_wconf 87' lang='lat' dir='ltr'><strong>Metellus</strong></span> <span class='ocrx_word' id='word_1_114' title='bbox 511 1885 545 1950; x_wconf 96' lang='lat' dir='ltr'><strong>in</strong></span> <span class='ocrx_word' id='word_1_115' title='bbox 569 1884 728 1970; x_wconf 89' lang='lat' dir='ltr'><strong>Hispania</strong></span> <span class='ocrx_word' id='word_1_116' title='bbox 751 1885 899 1952; x_wconf 86' lang='lat' dir='ltr'><strong>citeriore</strong></span> <span class='ocrx_word' id='word_1_117' title='bbox 922 1887 957 1951; x_wconf 93' lang='lat' dir='ltr'><strong>in</strong></span> <span class='ocrx_word' id='word_1_118' title='bbox 980 1890 1088 1953; x_wconf 82' lang='lat' dir='ltr'><strong>eastra</strong></span> <span class='ocrx_word' id='word_1_119' title='bbox 1111 1887 1168 1953; x_wconf 90' lang='lat' dir='ltr'><strong>ho·</strong></span> 
     </span>
    </p>

    <p class='ocr_par' dir='ltr' id='par_1_8' title="bbox 99 1975 1168 2236">
     <span class='ocr_line' id='line_1_20' title="bbox 153 1975 1168 2061; baseline -0.001 -19"><span class='ocrx_word' id='word_1_120' title='bbox 153 1978 252 2042; x_wconf 91' lang='lat' dir='ltr'><strong>stium</strong></span> <span class='ocrx_word' id='word_1_121' title='bbox 274 1976 393 2041; x_wconf 91' lang='lat' dir='ltr'><strong>humili</strong></span> <span class='ocrx_word' id='word_1_122' title='bbox 420 1975 493 2040; x_wconf 85' lang='lat' dir='ltr'><strong>loeo</strong></span> <span class='ocrx_word' id='word_1_123' title='bbox 521 1977 628 2057; x_wconf 90' lang='lat' dir='ltr'><strong>posita</strong></span> <span class='ocrx_word' id='word_1_124' title='bbox 655 1975 789 2040; x_wconf 90' lang='lat' dir='ltr'><strong>fluuium</strong></span> <span class='ocrx_word' id='word_1_125' title='bbox 814 1997 853 2039; x_wconf 84' lang='lat' dir='ltr'><strong>ex</strong></span> <span class='ocrx_word' id='word_1_126' title='bbox 885 1976 1051 2061; x_wconf 86' lang='lat' dir='ltr'><strong>superiore</strong></span> <span class='ocrx_word' id='word_1_127' title='bbox 1074 1981 1168 2061; x_wconf 90' lang='lat' dir='ltr'><strong>parte</strong></span> 
     </span>
     <span class='ocr_line' id='line_1_21' title="bbox 99 2062 1168 2150; baseline 0.003 -22"><span class='ocrx_word' id='word_1_128' title='bbox 99 2084 133 2135; x_wconf 76' lang='lat' dir='ltr'><strong>ao</strong></span> <span class='ocrx_word' id='word_1_129' title='bbox 152 2066 278 2130; x_wconf 91' lang='lat' dir='ltr'><strong>inmisit</strong></span> <span class='ocrx_word' id='word_1_130' title='bbox 301 2069 333 2129; x_wconf 89' lang='lat' dir='ltr'><strong>et</strong></span> <span class='ocrx_word' id='word_1_131' title='bbox 356 2065 464 2129; x_wconf 89' lang='lat' dir='ltr'><strong>subita</strong></span> <span class='ocrx_word' id='word_1_132' title='bbox 491 2062 702 2129; x_wconf 88' lang='lat' dir='ltr'><strong>inundatione</strong></span> <span class='ocrx_word' id='word_1_133' title='bbox 729 2063 880 2129; x_wconf 85' lang='lat' dir='ltr'><strong>turbatos</strong></span> <span class='ocrx_word' id='word_1_134' title='bbox 907 2087 966 2150; x_wconf 93' lang='lat' dir='ltr'><strong>per</strong></span> <span class='ocrx_word' id='word_1_135' title='bbox 988 2065 1168 2149; x_wconf 89' lang='lat' dir='ltr'><strong>dispositos</strong></span> 
     </span>
     <span class='ocr_line' id='line_1_22' title="bbox 152 2151 780 2236; baseline 0 -19"><span class='ocrx_word' id='word_1_136' title='bbox 152 2155 186 2217; x_wconf 92' lang='lat' dir='ltr'><strong>in</strong></span> <span class='ocrx_word' id='word_1_137' title='bbox 209 2153 271 2217; x_wconf 85' lang='lat' dir='ltr'><strong>hoo</strong></span> <span class='ocrx_word' id='word_1_138' title='bbox 294 2153 400 2236; x_wconf 90' lang='lat' dir='ltr'><strong>ipsum</strong></span> <span class='ocrx_word' id='word_1_139' title='bbox 424 2151 632 2217; x_wconf 88' lang='lat' dir='ltr'><strong>insidiatores</strong></span> <span class='ocrx_word' id='word_1_140' title='bbox 656 2152 780 2217; x_wconf 86' lang='lat' dir='ltr'><strong>eeeidit.</strong></span> 
     </span>
    </p>

    <p class='ocr_par' dir='ltr' id='par_1_9' title="bbox 151 2231 1167 2503">
     <span class='ocr_line' id='line_1_23' title="bbox 218 2231 1167 2325; baseline 0.003 -20"><span class='ocrx_word' id='word_1_141' title='bbox 218 2243 249 2305; x_wconf 88' lang='lat'><strong>4.</strong></span> <span class='ocrx_word' id='word_1_142' title='bbox 277 2239 461 2304; x_wconf 85' lang='lat' dir='ltr'><strong>Alexander</strong></span> <span class='ocrx_word' id='word_1_143' title='bbox 484 2239 570 2323; x_wconf 90' lang='lat' dir='ltr'><strong>apud</strong></span> <span class='ocrx_word' id='word_1_144' title='bbox 593 2231 776 2325; x_wconf 82' lang='lat' dir='ltr'><strong>Babylona,</strong></span> <span class='ocrx_word' id='word_1_145' title='bbox 799 2263 881 2325; x_wconf 88' lang='lat' dir='ltr'><strong>qnae</strong></span> <span class='ocrx_word' id='word_1_146' title='bbox 904 2242 1010 2306; x_wconf 89' lang='lat' dir='ltr'><strong>media</strong></span> <span class='ocrx_word' id='word_1_147' title='bbox 1033 2243 1167 2308; x_wconf 89' lang='lat' dir='ltr'><strong>flumine</strong></span> 
     </span>
     <span class='ocr_line' id='line_1_24' title="bbox 151 2328 1167 2415; baseline 0.003 -23"><span class='ocrx_word' id='word_1_148' title='bbox 151 2328 318 2413; x_wconf 83' lang='lat' dir='ltr'><strong>Euphrate</strong></span> <span class='ocrx_word' id='word_1_149' title='bbox 342 2328 561 2413; x_wconf 82' lang='lat' dir='ltr'><strong>diuidebatur,</strong></span> <span class='ocrx_word' id='word_1_150' title='bbox 588 2328 711 2394; x_wconf 86' lang='lat' dir='ltr'><strong>fossam</strong></span> <span class='ocrx_word' id='word_1_151' title='bbox 740 2331 863 2415; x_wconf 84' lang='lat' dir='ltr'><strong>pariter</strong></span> <span class='ocrx_word' id='word_1_152' title='bbox 886 2333 919 2396; x_wconf 87' lang='lat' dir='ltr'><strong>et</strong></span> <span class='ocrx_word' id='word_1_153' title='bbox 941 2349 1095 2415; x_wconf 81' lang='lat' dir='ltr'><strong>aggerem</strong></span> <span class='ocrx_word' id='word_1_154' title='bbox 1118 2333 1167 2396; x_wconf 90' lang='lat' dir='ltr'><strong>in-</strong></span> 
     </span>
     <span class='ocr_line' id='line_1_25' title="bbox 151 2417 1166 2503; baseline 0 -20"><span class='ocrx_word' id='word_1_155' title='bbox 151 2418 268 2502; x_wconf 86' lang='lat' dir='ltr'><strong>stituit,</strong></span> <span class='ocrx_word' id='word_1_156' title='bbox 291 2421 329 2481; x_wconf 91' lang='lat' dir='ltr'><strong>ut</strong></span> <span class='ocrx_word' id='word_1_157' title='bbox 351 2417 384 2482; x_wconf 91' lang='lat' dir='ltr'><strong>in</strong></span> <span class='ocrx_word' id='word_1_158' title='bbox 408 2439 501 2482; x_wconf 90' lang='lat' dir='ltr'><strong>usum</strong></span> <span class='ocrx_word' id='word_1_159' title='bbox 521 2419 589 2482; x_wconf 88' lang='lat' dir='ltr'><strong>eius</strong></span> <span class='ocrx_word' id='word_1_160' title='bbox 610 2419 834 2484; x_wconf 85' lang='lat' dir='ltr'><strong>existimarent</strong></span> <span class='ocrx_word' id='word_1_161' title='bbox 857 2419 968 2484; x_wconf 83' lang='lat' dir='ltr'><strong>hostes</strong></span> <span class='ocrx_word' id='word_1_162' title='bbox 990 2419 1079 2503; x_wconf 83' lang='lat' dir='ltr'><strong>egeri</strong></span> <span class='ocrx_word' id='word_1_163' title='bbox 1101 2423 1166 2483; x_wconf 93' lang='lat' dir='ltr'><strong>ter·</strong></span> 
     </span>
    </p>

    <p class='ocr_par' dir='ltr' id='par_1_10' title="bbox 97 2506 1166 2592">
     <span class='ocr_line' id='line_1_26' title="bbox 97 2506 1166 2592; baseline -0.004 -16"><span class='ocrx_word' id='word_1_164' title='bbox 97 2528 132 2578; x_wconf 77' lang='lat'><strong>25</strong></span> <span class='ocrx_word' id='word_1_165' title='bbox 151 2531 235 2572; x_wconf 87' lang='lat' dir='ltr'><strong>ram:</strong></span> <span class='ocrx_word' id='word_1_166' title='bbox 259 2512 356 2592; x_wconf 88' lang='lat' dir='ltr'><strong>atque</strong></span> <span class='ocrx_word' id='word_1_167' title='bbox 379 2506 426 2571; x_wconf 90' lang='lat' dir='ltr'><strong>ita</strong></span> <span class='ocrx_word' id='word_1_168' title='bbox 449 2507 558 2572; x_wconf 89' lang='lat' dir='ltr'><strong>subito</strong></span> <span class='ocrx_word' id='word_1_169' title='bbox 581 2506 714 2572; x_wconf 88' lang='lat' dir='ltr'><strong>flumine</strong></span> <span class='ocrx_word' id='word_1_170' title='bbox 737 2529 852 2573; x_wconf 87' lang='lat' dir='ltr'><strong>auerso</strong></span> <span class='ocrx_word' id='word_1_171' title='bbox 880 2529 938 2592; x_wconf 91' lang='lat' dir='ltr'><strong>per</strong></span> <span class='ocrx_word' id='word_1_172' title='bbox 962 2507 1090 2573; x_wconf 87' lang='lat' dir='ltr'><strong>alueum</strong></span> <span class='ocrx_word' id='word_1_173' title='bbox 1113 2530 1166 2572; x_wconf 90' lang='lat' dir='ltr'><strong>ne·</strong></span> 
     </span>
    </p>
   </div>
   <div class='ocr_carea' id='block_1_6' title="bbox 143 2646 1167 3570">
    <p class='ocr_par' dir='ltr' id='par_1_11' title="bbox 143 2646 1167 3143">
     <span class='ocr_line' id='line_1_27' title="bbox 224 2646 1166 2716; baseline 0.002 -16"><span class='ocrx_word' id='word_1_174' title='bbox 224 2654 237 2700; x_wconf 91' lang='lat'>1</span> <span class='ocrx_word' id='word_1_175' title='bbox 261 2646 440 2702; x_wconf 83' lang='lat' dir='ltr'><strong>Atheniensis</strong></span> <span class='ocrx_word' id='word_1_176' title='bbox 463 2647 607 2702; x_wconf 77' lang='lat' dir='ltr'><strong>delendum</strong></span> <span class='ocrx_word' id='word_1_177' title='bbox 629 2648 674 2701; x_wconf 82' lang='lat' dir='ltr'><strong>uel</strong></span> <span class='ocrx_word' id='word_1_178' title='bbox 691 2646 931 2702; x_wconf 81' lang='lat' dir='ltr'><strong>Lacedaemonius</strong></span> <span class='ocrx_word' id='word_1_179' title='bbox 950 2647 1090 2716; x_wconf 76' lang='lat' dir='ltr'><strong>lepeadum</strong></span> <span class='ocrx_word' id='word_1_180' title='bbox 1108 2664 1166 2702; x_wconf 83' lang='lat' dir='ltr'><strong>eea·</strong></span> 
     </span>
     <span class='ocr_line' id='line_1_28' title="bbox 149 2717 1165 2788; baseline -0.002 -14"><span class='ocrx_word' id='word_1_181' title='bbox 149 2721 224 2774; x_wconf 78' lang='lat' dir='ltr'><strong>nebat</strong></span> <span class='ocrx_word' id='word_1_182' title='bbox 244 2718 359 2774; x_wconf 79' lang='lat' dir='ltr'><strong>Oasoob.</strong></span> <span class='ocrx_word' id='word_1_183' title='bbox 377 2718 435 2774; x_wconf 84' lang='lat' dir='ltr'><strong>coll.</strong></span> <span class='ocrx_word' id='word_1_184' title='bbox 447 2718 576 2788; x_wconf 75' lang='lat' dir='ltr'><strong>Polyaea.</strong></span> <span class='ocrx_word' id='word_1_185' title='bbox 591 2723 620 2784; x_wconf 84' lang='lat'><strong>2,</strong></span> <span class='ocrx_word' id='word_1_186' title='bbox 634 2721 682 2785; x_wconf 87' lang='grc'><strong><em>29,</em></strong></span> <span class='ocrx_word' id='word_1_187' title='bbox 696 2724 727 2772; x_wconf 89' lang='grc'><strong>1.·</strong></span> <span class='ocrx_word' id='word_1_188' title='bbox 746 2721 780 2786; x_wconf 76' lang='lat' dir='ltr'><strong>cs.</strong></span> <span class='ocrx_word' id='word_1_189' title='bbox 794 2719 883 2786; x_wconf 79' lang='lat' dir='ltr'><strong>praef.</strong></span> <span class='ocrx_word' id='word_1_190' title='bbox 903 2717 924 2788; x_wconf 85' lang='lat'><em>§</em></span> <span class='ocrx_word' id='word_1_191' title='bbox 938 2723 971 2773; x_wconf 90' lang='lat'><strong>11</strong></span> <span class='ocrx_word' id='word_1_192' title='bbox 989 2719 994 2786; x_wconf 91' lang='grc' dir='ltr'>Ι</span> <span class='ocrx_word' id='word_1_193' title='bbox 1009 2719 1165 2773; x_wconf 83' lang='lat' dir='ltr'><strong>treozenios</strong></span> 
     </span>
     <span class='ocr_line' id='line_1_29' title="bbox 150 2788 1167 2858; baseline -0.003 -13"><span class='ocrx_word' id='word_1_194' title='bbox 150 2790 194 2845; x_wconf 90' lang='lat' dir='ltr'><strong>H¹</strong></span> <span class='ocrx_word' id='word_1_195' title='bbox 219 2794 223 2856; x_wconf 91' lang='grc' dir='ltr'>Ι</span> <span class='ocrx_word' id='word_1_196' title='bbox 253 2796 268 2843; x_wconf 97' lang='grc'><strong><em>2</em></strong></span> <span class='ocrx_word' id='word_1_197' title='bbox 294 2788 401 2843; x_wconf 87' lang='lat' dir='ltr'><strong>Crateri</strong></span> <span class='ocrx_word' id='word_1_198' title='bbox 426 2790 485 2842; x_wconf 91' lang='lat' dir='ltr'><strong>tum</strong></span> <span class='ocrx_word' id='word_1_199' title='bbox 504 2788 674 2843; x_wconf 84' lang='lat' dir='ltr'><strong>tenebantur</strong></span> <span class='ocrx_word' id='word_1_200' title='bbox 693 2788 764 2844; x_wconf 79' lang='lat' dir='ltr'><strong>Oud.</strong></span> <span class='ocrx_word' id='word_1_201' title='bbox 782 2791 925 2858; x_wconf 81' lang='lat' dir='ltr'><strong>gratorum</strong></span> <span class='ocrx_word' id='word_1_202' title='bbox 950 2790 1087 2843; x_wconf 88' lang='lat' dir='ltr'><strong>tenebant</strong></span> <span class='ocrx_word' id='word_1_203' title='bbox 1100 2789 1167 2843; x_wconf 88' lang='grc' dir='ltr'><strong>ΗΡ</strong></span> 
     </span>
     <span class='ocr_line' id='line_1_30' title="bbox 150 2857 1163 2931; baseline -0.002 -15"><span class='ocrx_word' id='word_1_204' title='bbox 150 2861 258 2916; x_wconf 89' lang='lat' dir='ltr'><strong>Crateri</strong></span> <span class='ocrx_word' id='word_1_205' title='bbox 271 2860 442 2914; x_wconf 88' lang='lat' dir='ltr'><strong>tenebantur</strong></span> <span class='ocrx_word' id='word_1_206' title='bbox 458 2859 598 2914; x_wconf 74' lang='lat' dir='ltr'><strong>Graeairm</strong></span> <span class='ocrx_word' id='word_1_207' title='bbox 613 2862 652 2927; x_wconf 72' lang='lat' dir='ltr'><strong>lt</strong></span> <span class='ocrx_word' id='word_1_208' title='bbox 680 2857 760 2931; x_wconf 76' lang='lat' dir='ltr'><strong>fierit</strong></span> <span class='ocrx_word' id='word_1_209' title='bbox 777 2865 847 2926; x_wconf 76' lang='lat' dir='ltr'><strong>(aaa</strong></span> <span class='ocrx_word' id='word_1_210' title='bbox 864 2861 987 2915; x_wconf 80' lang='lat' dir='ltr'><strong>litterula</strong></span> <span class='ocrx_word' id='word_1_211' title='bbox 1005 2863 1096 2927; x_wconf 82' lang='lat' dir='ltr'><strong>erosa)</strong></span> <span class='ocrx_word' id='word_1_212' title='bbox 1111 2860 1146 2914; x_wconf 90' lang='lat' dir='ltr'><em>H</em></span> <span class='ocrx_word' id='word_1_213' title='bbox 1159 2860 1163 2931; x_wconf 73' lang='lat' dir='ltr'><strong>l</strong></span> 
     </span>
     <span class='ocr_line' id='line_1_31' title="bbox 150 2929 1163 2998; baseline -0.003 -11"><span class='ocrx_word' id='word_1_214' title='bbox 150 2939 166 2987; x_wconf 81' lang='grc'><strong><em>8</em></strong></span> <span class='ocrx_word' id='word_1_215' title='bbox 185 2932 392 2986; x_wconf 85' lang='lat' dir='ltr'><strong>detraeotarent</strong></span> <span class='ocrx_word' id='word_1_216' title='bbox 408 2933 427 2986; x_wconf 81' lang='lat' dir='ltr'><strong>b</strong></span> <span class='ocrx_word' id='word_1_217' title='bbox 442 2934 446 2998; x_wconf 94' lang='grc'>1</span> <span class='ocrx_word' id='word_1_218' title='bbox 464 2937 479 2985; x_wconf 78' lang='lat'><strong>7</strong></span> <span class='ocrx_word' id='word_1_219' title='bbox 495 2929 637 2986; x_wconf 80' lang='lat' dir='ltr'><strong>concitata</strong></span> <span class='ocrx_word' id='word_1_220' title='bbox 671 2949 708 2985; x_wconf 84' lang='lat' dir='ltr'><strong>er.</strong></span> <span class='ocrx_word' id='word_1_221' title='bbox 723 2930 875 2986; x_wconf 79' lang='lat' dir='ltr'><strong>conciliata</strong></span> <span class='ocrx_word' id='word_1_222' title='bbox 889 2931 921 2985; x_wconf 89' lang='lat' dir='ltr'><strong><em>H</em></strong></span> <span class='ocrx_word' id='word_1_223' title='bbox 925 2932 953 2985; x_wconf 90' lang='lat' dir='ltr'><em>P</em></span> <span class='ocrx_word' id='word_1_224' title='bbox 966 2932 970 2998; x_wconf 94' lang='grc' dir='ltr'>Ι</span> <span class='ocrx_word' id='word_1_225' title='bbox 987 2935 1003 2985; x_wconf 90' lang='grc'>8</span> <span class='ocrx_word' id='word_1_226' title='bbox 1018 2931 1163 2985; x_wconf 86' lang='lat' dir='ltr'><strong>ciuitatem</strong></span> 
     </span>
     <span class='ocr_line' id='line_1_32' title="bbox 149 3003 1162 3072; baseline -0.004 -14"><span class='ocrx_word' id='word_1_227' title='bbox 149 3003 219 3071; x_wconf 88' lang='grc' dir='ltr'><strong>ΗΡ,</strong></span> <span class='ocrx_word' id='word_1_228' title='bbox 239 3003 355 3058; x_wconf 63' lang='lat' dir='ltr'><strong>carrd.-</strong></span> <span class='ocrx_word' id='word_1_229' title='bbox 373 3003 407 3069; x_wconf 59' lang='grc' dir='ltr'><strong>εἰ.</strong></span> <span class='ocrx_word' id='word_1_230' title='bbox 423 3019 454 3072; x_wconf 79' lang='lat' dir='ltr'><strong>p.</strong></span> <span class='ocrx_word' id='word_1_231' title='bbox 470 3006 535 3068; x_wconf 87' lang='lat'><strong>9,1.</strong></span> <span class='ocrx_word' id='word_1_232' title='bbox 555 3007 661 3068; x_wconf 89' lang='grc'><strong><em>28,11.</em></strong></span> <span class='ocrx_word' id='word_1_233' title='bbox 681 3006 789 3069; x_wconf 88' lang='grc'><strong><em>32,12.</em></strong></span> <span class='ocrx_word' id='word_1_234' title='bbox 810 3006 857 3069; x_wconf 84' lang='grc'><strong>58,</strong></span> <span class='ocrx_word' id='word_1_235' title='bbox 875 3005 920 3058; x_wconf 87' lang='grc'><strong><em>29.</em></strong></span> <span class='ocrx_word' id='word_1_236' title='bbox 942 3007 987 3069; x_wconf 86' lang='grc'><strong>60,</strong></span> <span class='ocrx_word' id='word_1_237' title='bbox 1005 3005 1051 3057; x_wconf 81' lang='grc'><strong><em>25.</em></strong></span> <span class='ocrx_word' id='word_1_238' title='bbox 1072 3006 1118 3068; x_wconf 83' lang='grc'><strong>78,</strong></span> <span class='ocrx_word' id='word_1_239' title='bbox 1136 3005 1162 3055; x_wconf 94' lang='grc'><strong>8.</strong></span> 
     </span>
     <span class='ocr_line' id='line_1_33' title="bbox 143 3077 522 3143; baseline -0.003 -14"><span class='ocrx_word' id='word_1_240' title='bbox 143 3079 195 3143; x_wconf 73' lang='grc'><strong>89,</strong></span> <span class='ocrx_word' id='word_1_241' title='bbox 212 3079 260 3130; x_wconf 86' lang='grc'><strong><em>26.</em></strong></span> <span class='ocrx_word' id='word_1_242' title='bbox 285 3077 394 3140; x_wconf 77' lang='grc'><strong><em>92,15.</em></strong></span> <span class='ocrx_word' id='word_1_243' title='bbox 419 3078 463 3139; x_wconf 77' lang='grc'><strong>94,</strong></span> <span class='ocrx_word' id='word_1_244' title='bbox 481 3078 522 3128; x_wconf 81' lang='lat'><strong>22</strong></span> 
     </span>
    </p>

    <p class='ocr_par' dir='ltr' id='par_1_12' title="bbox 146 3140 1167 3570">
     <span class='ocr_line' id='line_1_34' title="bbox 220 3140 1165 3212; baseline -0.004 -12"><span class='ocrx_word' id='word_1_245' title='bbox 220 3142 426 3200; x_wconf 83' lang='lat' dir='ltr'><strong>9uitiationed</strong></span> <span class='ocrx_word' id='word_1_246' title='bbox 444 3143 651 3199; x_wconf 78' lang='lat' dir='ltr'><strong>euitationeH¹</strong></span> <span class='ocrx_word' id='word_1_247' title='bbox 669 3141 866 3198; x_wconf 81' lang='lat' dir='ltr'><strong>nitationebP</strong></span> <span class='ocrx_word' id='word_1_248' title='bbox 880 3142 1000 3211; x_wconf 71' lang='lat' dir='ltr'><strong>nitiool</strong></span> <span class='ocrx_word' id='word_1_249' title='bbox 1018 3148 1051 3196; x_wconf 81' lang='lat'><strong>14</strong></span> <span class='ocrx_word' id='word_1_250' title='bbox 1059 3140 1165 3212; x_wconf 81' lang='lat' dir='ltr'><strong>gallica</strong></span> 
     </span>
     <span class='ocr_line' id='line_1_35' title="bbox 148 3214 1162 3285; baseline -0.003 -14"><span class='ocrx_word' id='word_1_251' title='bbox 148 3218 280 3271; x_wconf 85' lang='lat' dir='ltr'><strong>decorum</strong></span> <span class='ocrx_word' id='word_1_252' title='bbox 295 3215 339 3269; x_wconf 83' lang='grc' dir='ltr'><strong>Η1</strong></span> <span class='ocrx_word' id='word_1_253' title='bbox 357 3214 447 3285; x_wconf 78' lang='lat' dir='ltr'><strong>gallia</strong></span> <span class='ocrx_word' id='word_1_254' title='bbox 465 3216 632 3270; x_wconf 77' lang='lat' dir='ltr'><strong>duoorumt</strong></span> <span class='ocrx_word' id='word_1_255' title='bbox 649 3214 739 3284; x_wconf 78' lang='lat' dir='ltr'><strong>gallia</strong></span> <span class='ocrx_word' id='word_1_256' title='bbox 757 3216 923 3270; x_wconf 81' lang='lat' dir='ltr'><strong>caducorum</strong></span> <span class='ocrx_word' id='word_1_257' title='bbox 940 3215 974 3280; x_wconf 87' lang='lat' dir='ltr'><strong>P,</strong></span> <span class='ocrx_word' id='word_1_258' title='bbox 992 3230 1061 3269; x_wconf 84' lang='lat' dir='ltr'><strong>eorr.</strong></span> <span class='ocrx_word' id='word_1_259' title='bbox 1076 3214 1109 3268; x_wconf 84' lang='lat' dir='ltr'><strong>d:</strong></span> <span class='ocrx_word' id='word_1_260' title='bbox 1127 3215 1162 3281; x_wconf 78' lang='lat' dir='ltr'><strong>rs.</strong></span> 
     </span>
     <span class='ocr_line' id='line_1_36' title="bbox 148 3285 1161 3356; baseline -0.004 -14"><span class='ocrx_word' id='word_1_261' title='bbox 148 3289 225 3342; x_wconf 68' lang='lat' dir='ltr'><strong>Hae</strong></span> <span class='ocrx_word' id='word_1_262' title='bbox 245 3289 269 3342; x_wconf 85' lang='lat' dir='ltr'><strong>b.</strong></span> <span class='ocrx_word' id='word_1_263' title='bbox 291 3287 325 3343; x_wconf 81' lang='lat' dir='ltr'><strong>G.</strong></span> <span class='ocrx_word' id='word_1_264' title='bbox 345 3293 372 3352; x_wconf 90' lang='grc'><strong>8,</strong></span> <span class='ocrx_word' id='word_1_265' title='bbox 385 3289 495 3341; x_wconf 76' lang='grc'><strong><em>40-43</em></strong></span> <span class='ocrx_word' id='word_1_266' title='bbox 511 3289 515 3355; x_wconf 84' lang='grc' dir='ltr'>Ι</span> <span class='ocrx_word' id='word_1_267' title='bbox 533 3291 566 3340; x_wconf 78' lang='grc'><strong>15</strong></span> <span class='ocrx_word' id='word_1_268' title='bbox 585 3303 659 3355; x_wconf 83' lang='lat' dir='ltr'><strong>aqua</strong></span> <span class='ocrx_word' id='word_1_269' title='bbox 677 3287 712 3341; x_wconf 90' lang='lat' dir='ltr'><em>H</em></span> <span class='ocrx_word' id='word_1_270' title='bbox 724 3288 729 3355; x_wconf 92' lang='grc' dir='ltr'>Ι</span> <span class='ocrx_word' id='word_1_271' title='bbox 744 3285 849 3356; x_wconf 77' lang='lat' dir='ltr'><strong>redigit</strong></span> <span class='ocrx_word' id='word_1_272' title='bbox 867 3285 932 3351; x_wconf 72' lang='lat'><strong>11¹1</strong></span> <span class='ocrx_word' id='word_1_273' title='bbox 959 3291 992 3340; x_wconf 82' lang='grc'><strong>16</strong></span> <span class='ocrx_word' id='word_1_274' title='bbox 1011 3285 1161 3354; x_wconf 79' lang='lat' dir='ltr'><strong>pontesbl</strong></span> 
     </span>
     <span class='ocr_line' id='line_1_37' title="bbox 148 3355 1167 3428; baseline -0.001 -17"><span class='ocrx_word' id='word_1_275' title='bbox 148 3357 284 3412; x_wconf 82' lang='lat' dir='ltr'><strong>cuniculis</strong></span> <span class='ocrx_word' id='word_1_276' title='bbox 303 3362 332 3422; x_wconf 88' lang='lat' dir='ltr'><strong>(n</strong></span> <span class='ocrx_word' id='word_1_277' title='bbox 347 3374 381 3412; x_wconf 77' lang='lat' dir='ltr'><strong>ea</strong></span> <span class='ocrx_word' id='word_1_278' title='bbox 394 3361 435 3425; x_wconf 90' lang='lat' dir='ltr'><strong>m)</strong></span> <span class='ocrx_word' id='word_1_279' title='bbox 450 3357 502 3425; x_wconf 88' lang='grc' dir='ltr'><strong>ΗΙ</strong></span> <span class='ocrx_word' id='word_1_280' title='bbox 525 3360 556 3413; x_wconf 87' lang='lat' dir='ltr'><strong>et</strong></span> <span class='ocrx_word' id='word_1_281' title='bbox 573 3374 623 3412; x_wconf 83' lang='lat' dir='ltr'><strong>om.</strong></span> <span class='ocrx_word' id='word_1_282' title='bbox 638 3358 674 3414; x_wconf 89' lang='lat' dir='ltr'><strong><em>H</em></strong></span> <span class='ocrx_word' id='word_1_283' title='bbox 686 3360 691 3428; x_wconf 93' lang='grc' dir='ltr'>Ι</span> <span class='ocrx_word' id='word_1_284' title='bbox 718 3363 750 3411; x_wconf 81' lang='grc'><strong>12</strong></span> <span class='ocrx_word' id='word_1_285' title='bbox 769 3357 958 3426; x_wconf 79' lang='lat' dir='ltr'><strong>arguissetH</strong></span> <span class='ocrx_word' id='word_1_286' title='bbox 970 3359 980 3425; x_wconf 74' lang='lat' dir='ltr'><strong>l</strong></span> <span class='ocrx_word' id='word_1_287' title='bbox 1001 3361 1034 3411; x_wconf 87' lang='lat'><strong>18</strong></span> <span class='ocrx_word' id='word_1_288' title='bbox 1049 3357 1080 3411; x_wconf 86' lang='lat' dir='ltr'><strong>L.</strong></span> <span class='ocrx_word' id='word_1_289' title='bbox 1099 3355 1167 3410; x_wconf 89' lang='grc' dir='ltr'><strong>ΗΡ</strong></span> 
     </span>
     <span class='ocr_line' id='line_1_38' title="bbox 148 3425 1164 3500; baseline -0.002 -17"><span class='ocrx_word' id='word_1_290' title='bbox 148 3429 179 3494; x_wconf 84' lang='lat' dir='ltr'><strong>Q.</strong></span> <span class='ocrx_word' id='word_1_291' title='bbox 199 3431 218 3483; x_wconf 87' lang='lat' dir='ltr'><strong>d</strong></span> <span class='ocrx_word' id='word_1_292' title='bbox 233 3429 237 3500; x_wconf 77' lang='lat' dir='ltr'><strong>l</strong></span> <span class='ocrx_word' id='word_1_293' title='bbox 254 3435 288 3483; x_wconf 90' lang='grc'><strong><em>20</em></strong></span> <span class='ocrx_word' id='word_1_294' title='bbox 302 3429 415 3484; x_wconf 86' lang='lat' dir='ltr'><strong>turbato</strong></span> <span class='ocrx_word' id='word_1_295' title='bbox 429 3429 556 3498; x_wconf 86' lang='lat' dir='ltr'><strong>superH</strong></span> <span class='ocrx_word' id='word_1_296' title='bbox 571 3434 634 3484; x_wconf 77' lang='lat' dir='ltr'><strong>ante</strong></span> <span class='ocrx_word' id='word_1_297' title='bbox 647 3445 703 3484; x_wconf 79' lang='lat' dir='ltr'><strong>roe.</strong></span> <span class='ocrx_word' id='word_1_298' title='bbox 720 3430 774 3495; x_wconf 88' lang='grc'><strong><em>122</em></strong></span> <span class='ocrx_word' id='word_1_299' title='bbox 790 3426 959 3499; x_wconf 74' lang='lat' dir='ltr'><strong>Alexander]</strong></span> <span class='ocrx_word' id='word_1_300' title='bbox 975 3425 1062 3498; x_wconf 79' lang='lat' dir='ltr'><strong>Cyrus</strong></span> <span class='ocrx_word' id='word_1_301' title='bbox 1078 3427 1164 3482; x_wconf 83' lang='lat' dir='ltr'><strong>Ded..-</strong></span> 
     </span>
     <span class='ocr_line' id='line_1_39' title="bbox 146 3497 869 3570; baseline 0.001 -17"><span class='ocrx_word' id='word_1_302' title='bbox 146 3501 180 3566; x_wconf 74' lang='lat' dir='ltr'><strong>efi</strong></span> <span class='ocrx_word' id='word_1_303' title='bbox 192 3501 288 3567; x_wconf 74' lang='lat' dir='ltr'><strong>praes.</strong></span> <span class='ocrx_word' id='word_1_304' title='bbox 307 3499 329 3570; x_wconf 79' lang='lat'><em>§</em></span> <span class='ocrx_word' id='word_1_305' title='bbox 347 3505 381 3555; x_wconf 89' lang='lat'><strong>11</strong></span> <span class='ocrx_word' id='word_1_306' title='bbox 398 3499 625 3569; x_wconf 78' lang='lat' dir='ltr'><strong>lbabylonamb</strong></span> <span class='ocrx_word' id='word_1_307' title='bbox 652 3497 831 3569; x_wconf 82' lang='lat' dir='ltr'><strong>babyloniam</strong></span> <span class='ocrx_word' id='word_1_308' title='bbox 849 3500 869 3554; x_wconf 85' lang='lat' dir='ltr'><strong>d</strong></span> 
     </span>
    </p>
   </div>
   <div class='ocr_carea' id='block_1_7' title="bbox 0 0 1238 3832">
    <p class='ocr_par' dir='ltr' id='par_1_13' title="bbox 0 0 1238 3832">
     <span class='ocr_line' id='line_1_40' title="bbox 0 0 1238 3832; baseline 0 2"><span class='ocrx_word' id='word_1_309' title='bbox 0 0 1238 3832; x_wconf 95' lang='lat' dir='ltr'><strong> </strong></span> 
     </span>
    </p>
   </div>
  </div>
 </body>
</html>
