2468 3832
445 146 556 202 LIBER
572 145 620 202 ΠΙ.
649 145 725 201 ΟΑΡ.
747 153 771 202 1.
1072 144 1114 211 89

208 312 264 379 VI.
287 310 337 377 De
360 309 564 376 districtione
586 308 823 394 praesidiorum
846 307 1025 374 hostilium.

192 401 265 466 VII.
289 396 1115 482 Defluminumderiuationeetuitiationesquarum.

177 488 267 554 VIII.
290 488 340 554 De
363 487 523 554 iniciendo
548 485 689 553 obsessis
712 485 843 570 pauore.

158 576 267 644 VIIII.
289 577 339 643 De
365 575 552 660 inruptione
579 597 619 641 ex
646 575 775 642 diuersa
801 578 910 661 parte,
937 595 1035 658 quam
1063 597 1114 639 ex·

314 665 542 751 spectabimus.
1134 680 1150 730 o

226 753 264 820 X.
288 755 337 821 De
359 754 500 838 insidiis,
522 774 581 841 per
605 775 685 839 quas
708 752 881 819 eliciantur
904 751 1038 818 obsessi.

207 843 265 911 XI.
287 843 337 910 De
360 842 568 909 simulatione
590 863 766 928 regressus.

99 932 152 1002 Ex
174 934 339 1000 contrario
362 932 448 999 circa
470 932 609 998 tutelam
632 930 849 996 obsessorum:

163 1066 169 1076 κ
190 1021 266 1087 XII.
288 1021 338 1087 De
361 1020 533 1105 excitanda
556 1041 634 1086 cura
656 1040 797 1085 suorum.

176 1109 267 1177 XIII.
290 1110 340 1176 De
363 1108 541 1174 emittendo
564 1111 598 1174 et
619 1106 805 1192 recipiendo
827 1107 951 1174 nuntio.
1136 1126 1170 1176 10

160 1197 268 1264 XIIII.
290 1197 340 1263 De
372 1195 614 1264 introducendis
651 1196 781 1262 auxiliis
817 1201 849 1262 et
882 1196 1117 1262 commeatibus

316 1285 537 1372 suggerendis.

195 1372 266 1441 XV.
291 1374 568 1452 Quemadmodum
591 1373 765 1458 efficiatur,
788 1378 825 1440 ut
845 1373 1010 1439 abundare
1028 1372 1116 1438 uide·

316 1467 425 1549 antur,
449 1484 532 1548 quae
555 1463 699 1531 deerunt.

178 1551 266 1619 XVI.
290 1551 361 1629 Qua
378 1552 506 1618 ratione
524 1551 746 1637 proditoribus
762 1555 795 1617 et
807 1550 989 1637 transfugis
1008 1572 1115 1618 occur·
1137 1567 1172 1619 ro

314 1645 414 1708 ratur.

163 1728 267 1794 XVII.
291 1729 340 1794 De
363 1729 599 1812 eruptionibus.

145 1817 267 1883 XVIII.
290 1816 339 1882 De
363 1817 548 1882 constantia
571 1817 787 1881 obsessorum.

360 1990 381 2046 Ι.
410 1989 459 2045 DE
477 1987 689 2044 REPENTINO
708 1987 856 2043 IMPETU.

172 2099 199 2163 1.
228 2098 263 2164 T.
283 2097 434 2177 Quintius
455 2098 577 2184 consul,
590 2098 686 2164 uictis
706 2100 774 2164 acie
788 2098 912 2184 Aequis
931 2102 964 2164 et
977 2096 1117 2185 Volscis,
1137 2117 1173 2168 20

103 2208 176 2253 cum
195 2187 332 2254 Antium
351 2189 506 2274 oppidum
524 2209 711 2275 expugnare
730 2190 908 2273 statuisset,
930 2188 972 2254 ad
995 2188 1118 2254 contio·

103 2298 178 2342 nem
205 2281 322 2345 uocato
351 2279 495 2345 exercitu
522 2278 686 2363 exposuit,
713 2299 810 2362 quam
838 2278 872 2342 id
898 2277 1118 2343 necessarium

103 2368 137 2431 et
157 2365 251 2432 facile
271 2371 365 2452 esset,
389 2368 416 2433 si
434 2389 501 2433 non
519 2367 717 2433 differretur:
741 2389 842 2452 eoque
864 2368 999 2450 impetu,
1022 2388 1118 2452 quem

103 2453 287 2522 exhortatio
311 2457 541 2540 concitauerat,
566 2456 740 2541 adgressus
763 2459 814 2521 est
835 2455 959 2521 urbem.

170 2545 201 2608 2.
237 2544 281 2609 Μ.
314 2543 398 2610 (lato
428 2545 464 2608 in
495 2544 672 2627 Hispania·
690 2543 921 2609 animaduertit
952 2542 1052 2627 potiri
1084 2564 1118 2607 se
1137 2559 1173 2610 so

103 2630 241 2714 quodam
256 2630 376 2715 oppido
391 2653 497 2716 posse,
520 2633 549 2696 si
566 2632 754 2716 inopinatos
772 2632 948 2698 inuaderet.
993 2630 1119 2716 quadri·

105 2717 161 2783 dui
178 2719 288 2804 ltaque
315 2720 378 2784 iter
404 2720 502 2785 biduo
521 2741 579 2804 per
597 2719 792 2805 confragosa
817 2722 850 2786 et
869 2721 996 2786 deserta
1015 2741 1119 2785 emen·

105 2829 168 2891 sus,
190 2808 272 2873 nihil
295 2809 362 2875 tale
385 2812 566 2875 metuentes
589 2810 752 2894 oppressit
775 2809 896 2875 hostes.
941 2809 1119 2874 uictoribus

105 2896 220 2961 deinde
245 2897 312 2962 suis
336 2919 467 2963 causam
494 2902 563 2964 tam
585 2897 693 2963 facilis
722 2901 857 2964 euentus
880 2897 1119 2984 requirentibus

178 3097 192 3145 1
212 3088 401 3146 destructione
423 3089 452 3144 P
473 3090 478 3160 1
502 3089 627 3146 hostium
646 3091 678 3146 d:
696 3091 732 3158 cf.
749 3107 777 3159 p.
797 3093 847 3156 96,
865 3095 883 3145 9
913 3090 917 3156 Ι
947 3087 1120 3144 saturione

105 3161 140 3216 H
143 3162 189 3230 P,
207 3178 276 3219 corr.
295 3163 315 3217 d
335 3160 339 3234 1
367 3165 384 3215 4
403 3163 599 3244 exspectamur
613 3161 663 3246 H}
670 3159 938 3245 Persepectabimus
955 3161 985 3228 h,
1013 3161 1121 3216 conas

104 3238 273 3360 11111
286 3233 331 3359 t*
347 3238 383 3372 ,1
397 3231 1102 3372 1111111111’.11111111

106 3381 139 3429 14
158 3376 313 3444 quaeerunt
330 3374 366 3431 H

177 3452 212 3502 20
230 3446 310 3502 Titus
327 3445 353 3501 G
368 3449 373 3517 1
389 3451 423 3501 23
438 3449 482 3502 est
495 3447 525 3501 et
537 3445 573 3502 H
585 3448 589 3516 1
605 3451 640 3500 24
654 3444 840 3501 concitauerIt
855 3443 881 3499 θ
897 3444 901 3517 1
917 3446 961 3499 est
974 3461 1024 3500 orn.
1035 3443 1102 3499 GH
1114 3444 1118 3516 1

105 3520 139 3570 25
150 3515 261 3571 Marcus
274 3517 299 3572 G
311 3517 361 3590 126
375 3519 472 3588 posset
481 3516 546 3572 GH
555 3517 558 3590 1
569 3517 731 3587 inopinatus
741 3517 760 3571 d
772 3515 977 3589 IquadruGIP
988 3516 1136 3579 opums
