2468 3832
154 130 219 195 110
357 131 434 187 IULI
450 131 627 188 PRONTINI
648 131 971 190 STRATEGEMATON

152 295 321 377 darentur,
352 317 415 380 quc
438 296 563 360 uictum
586 299 809 361 sustentarent
830 317 932 380 usque
956 298 996 362 ad
1020 301 1166 365 satorum

150 387 357 468 prouentum.
585 465 587 471 Ι

216 475 249 539 4.
280 472 412 558 Reliqui
444 495 482 538 ex
505 471 651 538 Variana
683 472 795 557 clade,
822 495 895 539 cum
926 474 1166 563 obsiderentur,

151 561 229 648 quia
262 562 356 628 defici
386 561 550 628 frumento
577 562 790 645 uidebantur,
822 562 940 630 horrea
967 567 1040 630 tota
1068 569 1165 632 nocte

115 651 433 718 §circumduxerunt
452 651 607 736 captiuos,
632 650 747 716 deinde
764 652 920 736 praecisis
943 653 1093 720 manibus
1117 655 1165 720 di-

150 740 320 805 miserunt:
348 740 382 803 hi
410 739 719 805 circumsedentibus
748 740 814 804 suis
841 745 1091 824 persuaserunt,
1123 766 1165 809 ne

30 858 33 864 ¹
150 850 242 913 spem
265 833 413 894 maturae
437 829 690 913 expugnationis
713 834 910 912 reponerent
931 829 966 893 in
989 829 1077 896 fame
1099 831 1164 898 Ro·

150 939 340 999 manorum,
372 918 489 1002 quibus
521 918 636 1003 ingens
670 917 900 983 alimentorum
928 919 1024 1003 copia
1054 942 1164 1005 super·

150 1009 245 1071 esset.

97 1113 130 1162 10
161 1159 164 1179 ,
216 1095 246 1159 5.
274 1091 415 1160 Thraces
429 1095 463 1159 in
477 1094 579 1160 arduo
598 1099 708 1161 monte
727 1095 862 1179 obsessi,
884 1095 919 1161 in
942 1091 1164 1180 quem'hcsti·

149 1184 210 1248 bus
234 1205 382 1249 accessus
405 1206 472 1250 non
496 1188 579 1262 erat,
607 1184 738 1249 conlato
761 1184 886 1248 uiritim
909 1185 1025 1269 exiguo
1049 1185 1162 1253 tritico

147 1294 268 1356 paucas
288 1295 365 1338 oues
379 1277 540 1358 pauerunt
562 1272 619 1356 <et
634 1272 793 1357 egerunt>
815 1273 850 1339 in
872 1273 1018 1338 hostium
1040 1276 1163 1359 praesi-

148 1360 216 1426 dia:
240 1363 357 1446 quibus
381 1362 523 1446 exceptis
546 1365 580 1426 et
602 1361 728 1443 occisis,
751 1382 824 1426 cum
841 1361 998 1426 frumenti
1019 1364 1163 1447 uestigia

147 1451 181 1513 in
218 1450 396 1514 uisceribus
434 1471 544 1513 earum
582 1451 830 1534 apparuissent,
868 1450 1021 1534 opinatus
1053 1451 1161 1518 hostis

95 1556 128 1606 15
147 1558 301 1621 magnam
325 1539 393 1602 uim
416 1537 520 1603 tritici
540 1559 708 1621 superesse
731 1538 787 1621 eis,
811 1539 866 1623 qui
889 1540 963 1604 inde
987 1540 1085 1604 etiam
1108 1563 1163 1626 pe-

147 1648 223 1691 cora
246 1630 430 1711 pascerent,
454 1627 590 1692 recessit
613 1627 654 1691 ab
678 1627 856 1693 obsidione.

213 1716 243 1781 6.
276 1715 503 1800 Thrasybulus
527 1716 590 1781 dux
613 1714 828 1799 Milesiorum,
853 1738 925 1781 cum
948 1717 1048 1803 longa
1072 1718 1160 1783 obsi-

145 1804 240 1870 dione
264 1804 386 1871 milites
410 1805 461 1870 sui
485 1809 682 1890 angerentur
706 1806 747 1869 ab
770 1803 940 1889 Halyatte,
969 1807 1026 1891 qui
1050 1828 1160 1891 spera-

145 1894 203 1958 bat
227 1916 281 1958 eos
306 1893 347 1959 ad
370 1893 566 1959 deditionem
594 1895 679 1959 fame
708 1915 806 1979 posse
829 1894 995 1979 compelli,
1023 1895 1082 1960 sub
1106 1896 1161 1960 ad·

92 2000 126 2050 1ο
147 1987 280 2047 uentum
294 1984 478 2067 legatorum
493 1983 660 2068 Halyattis
674 1981 875 2047 frumentum
895 1988 989 2048 omne
1004 1982 1160 2049 inferum

145 2072 297 2155 compelli
329 2072 427 2136 iussit
459 2077 492 2135 et
524 2071 684 2137 conuiuiis
718 2072 778 2136 sub
811 2071 844 2135 id
875 2074 1005 2157 ternpus
1029 2073 1159 2138 institu-

143 2159 188 2223 tis
212 2180 270 2243 per
291 2162 396 2224 totam
419 2159 533 2224 urbem
557 2161 670 2245 epulas
691 2159 872 2242 praestitit:
896 2165 994 2246 atque
1017 2161 1066 2226 ita
1088 2183 1160 2246 per·

144 2247 247 2310 suasit
270 2247 359 2312 hosti
383 2269 552 2333 superesse
575 2248 656 2333 ipsis
681 2249 808 2333 copias,
831 2249 948 2333 quibus
972 2249 1159 2314 diuturnam

144 2336 344 2399 sustinerent
367 2335 579 2404 obsidionem.

89 2557 122 2606 25
168 2546 242 2602 XVI.
272 2498 347 2614 Qun
365 2545 527 2602 RATIONE
547 2544 813 2603 PRODITORIBUS
832 2547 880 2601 ΕΤ
898 2546 1128 2603 Tannssuuls

522 2635 774 2692 OCCURRATUR.

209 2781 237 2843 1.
271 2777 424 2845 Claudius
447 2779 634 2866 Marcellus,
665 2781 795 2866 cognito
823 2780 960 2883 consilio
985 2780 1020 2847 L.
1043 2780 1155 2847 Bantii

210 2943 228 2991 4
246 2939 416 2992 frumentum
431 2937 474 2992 H¹
490 2939 496 3007 Ι
512 2937 680 2992 uidebantur
693 2967 727 2978 -
742 2940 804 2992 tcta
821 2953 872 2993 om.
887 2937 932 2993 Η1
948 2940 952 3008 Ι
971 2943 1002 2992 11
1023 2954 1154 2993 ascensus

138 3009 158 3064 d
179 3009 182 3081 Ι
206 3015 238 3063 12
256 3027 361 3078 paucas
374 3026 442 3064 oues
456 3025 506 3064 aas
519 3025 624 3079 paucas
639 3025 673 3064 eo
687 3009 723 3062 H
737 3011 786 3063 aut
804 3025 885 3064 caseo
900 3010 929 3063 P
950 3026 1017 3065 oues
1036 3024 1070 3063 eo
1083 3007 1153 3064 Oud.

138 3081 260 3150 pecudes
280 3098 312 3136 eo
327 3080 429 3136 Hartel
444 3083 449 3150 Ι
465 3083 494 3135 et
511 3082 628 3150 egerunt
647 3081 711 3135 cdd.
727 3080 829 3135 Hurtel
846 3081 1072 3150 pepuleruntque
1089 3081 1154 3136 cdd.

140 3152 210 3208 Orod.
227 3152 232 3221 Ι
258 3154 287 3207 et
304 3152 334 3206 in
347 3153 374 3206 h.
393 3169 434 3220 pr.
454 3151 619 3205 dimiserunt
632 3153 692 3206 cdd.
709 3154 713 3220 Ι
738 3158 770 3206 13
790 3149 890 3206 occisis
909 3153 1037 3220 quicum
1058 3152 1103 3220 ΡΙ
1122 3157 1154 3207 17

137 3223 327 3293 Thrasybulus
346 3225 405 3279 edd.
426 3224 484 3278 coll.
504 3222 636 3278 Herodot.
650 3229 677 3290 1,
691 3227 728 3279 21
748 3222 910 3277 Thrasibius
926 3223 1035 3292 ΟΗΡΙ
1052 3227 1085 3276 18
1104 3223 1154 3277 lra-

136 3295 213 3364 lyatc
232 3296 284 3363 Hl
300 3300 334 3349 20
353 3295 477 3363 halyatis
496 3294 530 3347 H
547 3297 551 3362 Ι
573 3299 606 3348 21
626 3291 760 3363 compelli
777 3293 813 3348 Η
828 3293 968 3363 compelle
988 3293 1017 3346 P
1034 3292 1156 3363 compel-

136 3364 194 3420 lere
209 3368 228 3420 d
242 3367 412 3435 comportari
425 3367 469 3420 ael
483 3366 597 3436 congeri
608 3365 678 3420 Oua.
694 3366 699 3433 Ι
714 3365 745 3419 id
760 3364 788 3417 P
804 3365 827 3419 it
842 3365 876 3419 H
888 3365 964 3420 idem
976 3365 1154 3421 chbamatt

207 3443 241 3491 17
262 3438 406 3509 Claudius]
426 3437 467 3492 Ol.
482 3436 563 3506 ΗΡΙ
579 3436 674 3492 Bantii
686 3434 791 3491 Nolani
808 3436 867 3492 ecc.
887 3437 947 3492 coll.
962 3436 1028 3491 Lice.
1047 3439 1154 3504 23,16.

132 3507 212 3560 Plut.
233 3509 328 3563 Marc,
348 3514 384 3564 10
402 3506 577 3563 bateinolaui
595 3508 630 3562 H
645 3507 712 3581 bate
729 3505 838 3564 inclani
858 3508 887 3562 P
