2468 3832
379 141 489 198 amna
506 141 555 197 ΠΙ.
583 140 660 196 oar.
681 145 794 197 1a-15.
892 155 894 161 ¹
1029 137 1093 205 109

78 307 161 392 set>,
180 307 262 372 alios
282 306 425 371 excitans
439 302 626 370 constantia
644 302 792 368 fallaciae
807 325 885 368 suae
899 325 957 388 per
970 302 1095 368 medias

82 395 232 462 Caesaris
255 395 366 479 copias
389 393 588 479 praesidium
610 392 746 476 Pompei
768 391 961 457 transduxit.

149 487 179 550 2.
211 482 396 549 Hannibale
422 482 589 547 obsidente
613 479 806 566 Casilinum,
824 480 964 546 Romani
986 480 1038 545 far
1060 480 1096 544 in

80 572 179 637 doliis
203 570 343 637 secunda
366 593 450 656 aqua
468 570 622 636 Volturni
646 569 790 635 fluminis
814 569 1037 653 demittebant,
1059 573 1097 634 ut

84 661 126 726 ab
150 660 291 725 obsessis
315 661 523 744 exciperetur.
556 659 673 744 quibus
700 680 774 724 cum
802 658 931 724 obieeta
954 680 1011 742 per
1033 667 1132 722 mat

82 748 174 813 dium
198 771 325 814 amnem
349 754 464 816 eatena
482 747 649 813 Hannibal
669 748 861 832 obstitisset,
884 769 983 812 nuces
1007 767 1097 830 spar-

82 859 168 903 serat
197 859 280 923 quas
308 860 382 903 oum
404 860 490 923 aqua
516 837 641 902 ferente
669 836 710 900 ad
733 837 888 921 oppidum
911 836 1098 917 defluerent,

83 947 123 992 eo
147 931 330 993 commeatu
353 926 515 992 sociorum
538 923 768 990 necessitatem
792 927 1066 990 sustentauerunt

150 1017 179 1081 3.
207 1015 338 1080 Hirtius
365 1014 605 1080 Mutinensibus
635 1012 777 1079 obsessis
808 1014 850 1080 ab
873 1014 1016 1079 Antonio
1048 1034 1097 1077 sa·

83 1104 165 1184 lem,
200 1126 264 1188 quo
297 1103 438 1168 maxime
470 1102 682 1186 indigebant,
719 1103 810 1187 cupis
843 1102 1012 1167 eonditum
1040 1123 1098 1187 per
1118 1112 1152 1162 10

84 1213 215 1256 amnem
239 1190 448 1256 Scultennam
470 1190 655 1256 intromisit

152 1282 183 1344 4.
210 1279 301 1344 Idem
315 1301 433 1364 peoora
448 1279 688 1363 secundaeque
706 1277 845 1363 demisit,
868 1300 951 1364 quae
965 1283 1099 1363 excepta

87 1373 356 1434 sustentauerunt
377 1369 636 1435 necessariorum
658 1368 814 1453 inopiam.
916 1446 920 1450 Ι

60 1596 63 1601 ’
131 1615 192 1671 xv.
223 1613 516 1680 omninnonmr
534 1612 760 1682 arrisimus,
780 1612 827 1668 ur
845 1611 1046 1669 mannaan

316 1699 546 1771 vrnnanrna,
566 1701 665 1768 oona
684 1702 866 1758 nannum.
1120 1711 1153 1763 15

155 1868 184 1930 1.
216 1864 374 1946 Romani,
396 1885 470 1929 oum
494 1885 514 1928 a
538 1861 642 1928 Gallis
666 1861 863 1948 Capitolium
888 1860 1102 1946 obsideretur,

87 1954 124 2017 in
146 1957 290 2018 extrema
322 1953 389 2017 iam
419 1951 509 2017 fame
536 1974 653 2037 panem
676 1953 710 2017 in
739 1952 869 2018 hostem
899 1952 1103 2017 iaetauerunt

89 2042 325 2125 consecutique,
339 2045 376 2105 ut
396 2040 562 2106 abundare
581 2041 816 2107 commeatibus
836 2040 1030 2125 uiderentur,
1047 2039 1103 2105 ob

89 2130 255 2211 sidionem,
279 2130 381 2195 donec
403 2127 563 2194 Camillus
587 2130 784 2213 subueniret,
805 2131 1037 2196 tolerauerunt.

156 2219 199 2300 [2.
231 2218 449 2284 Athenienses
475 2218 629 2285 aduersus
648 2219 920 2285 Lacedaemonios
944 2219 1031 2285 idem
1054 2218 1102 2283 fe·
1121 2236 1156 2286 20

87 2308 169 2373 cisse
192 2307 363 2389 dicuntur]

155 2398 185 2462 3.
217 2394 271 2480 Hi,
295 2397 351 2481 qui
370 2397 411 2461 ab
431 2396 618 2461 Hannibale
636 2395 772 2462 Casilini
791 2397 1036 2475 obsidebantur,
1060 2395 1101 2460 ad

89 2488 265 2548 extremam
293 2485 414 2549 famem
437 2485 625 2568 peruenisse
648 2485 777 2567 crediti,
808 2506 882 2549 oum
905 2485 1006 2549 etiam
1028 2483 1102 2546 her-

89 2572 146 2635 bas
180 2572 343 2636 alimentis
376 2580 489 2636 eorum
512 2571 699 2656 Hannibal,
726 2574 818 2637 arato
846 2573 916 2638 loco
949 2571 1004 2656 qui
1032 2575 1103 2635 erat

89 2659 173 2723 inter
194 2662 304 2724 castra
326 2660 429 2745 ipsius
452 2664 486 2724 et
508 2660 650 2744 moenia,
678 2661 893 2744 praeriperet,
917 2661 1043 2724 semina
1065 2661 1100 2724 in
1121 2675 1156 2726 25

83 2751 314 2833 praeparatum
338 2750 444 2814 locum
462 2749 619 2832 iecerunt,
642 2749 821 2832 consecuti,
844 2752 881 2814 ut
903 2748 1024 2814 habere
1048 2749 1095 2813 ui·

163 2947 176 2995 1
198 2941 268 2996 alios
289 2941 454 2997 Perizonius
480 2941 591 3009 aliquos
611 2941 676 2995 ΗΡ
701 2943 705 3010 l
735 2939 859 2996 excitans
877 2941 977 3010 scripsi
996 2939 1105 2996 enitens

89 3012 170 3081 HPl
187 3017 203 3066 2
221 3012 349 3067 traduxit
361 3012 380 3067 d
396 3015 400 3079 Ι
417 3019 432 3067 3
453 3010 602 3066 casilinum
616 3013 636 3067 d
657 3011 803 3066 catilinum
817 3012 853 3067 Η
854 3012 883 3065 Ρ
895 3013 900 3081 Ι
915 3011 960 3067 far
977 3012 1008 3065 in
1023 3012 1105 3066 chb·

92 3085 198 3138 meister
216 3085 275 3139 coll.
295 3083 361 3139 Lis.
376 3087 518 3152 23,19,8
544 3084 619 3138 farin
636 3083 671 3137 H
694 3081 814 3138 farinam
834 3084 863 3137 P
881 3085 885 3151 Ι
910 3088 928 3136 4
947 3083 1031 3137 doliis
1045 3084 1105 3138 edd.

90 3153 177 3209 doleis
187 3154 223 3209 H
224 3154 261 3209 P:
280 3153 315 3221 cf.
326 3171 356 3223 p.
371 3159 418 3220 24,
429 3159 465 3209 10
481 3156 486 3224 Ι
501 3153 628 3209 uulturni
641 3154 660 3208 t
675 3158 679 3218 l
702 3153 885 3208 dimittebant
898 3154 933 3209 H
935 3155 968 3222 P,
987 3154 1085 3210 corr.d
1101 3153 1105 3225 l

89 3228 106 3277 t
120 3223 255 3297 obsessis]
271 3242 360 3280 sesses
370 3225 415 3279 Ηι
430 3227 434 3295 Ι
451 3230 467 3279 9
486 3223 610 3296 Hirtius]
626 3224 716 3279 Huius
726 3224 761 3278 H
773 3227 778 3294 Ι
795 3230 828 3279 11
844 3225 1025 3280 Scultennam
1037 3224 1106 3281 Ouo.

90 3311 124 3350 ec
137 3300 247 3365 3,13,7
265 3297 468 3352 ssntarnan
486 3296 659 3350 samternum
670 3297 715 3364 ΡΙ
733 3302 765 3350 12
780 3296 941 3365 peoorasH
951 3302 1016 3352 arde
1028 3313 1083 3352 res.
1102 3296 1104 3368 l

91 3365 200 3422 dimisit
217 3368 252 3423 H
269 3370 273 3438 Ι
299 3372 332 3422 13
352 3368 563 3423 sustentauerat
580 3367 625 3422 Η1
647 3368 912 3422 sustentauerantb

163 3443 195 3492 16
214 3455 233 3492 a
249 3454 300 3496 om.
320 3439 365 3492 H¹
388 3441 394 3509 Ι
418 3437 574 3509 capitolum
592 3438 637 3493 Ηι
662 3440 667 3507 Ι
691 3443 726 3493 20
745 3440 896 3508 comptam
912 3439 1048 3494 alienum:
1071 3441 1107 3507 cf.

87 3510 180 3577 prees.
199 3506 221 3580 §
234 3513 252 3564 9
272 3511 277 3579 Ι
302 3515 336 3564 22
355 3510 482 3566 cassilini
495 3510 541 3579 ΡΙ
564 3513 599 3564 25
617 3507 693 3565 intra
706 3509 742 3565 H
754 3511 758 3580 Ι
778 3509 820 3582 in]
839 3508 914 3564 inter
931 3509 976 3565 H¹
