2468 3832
440 185 548 241 LIBER
565 188 599 244 Il.
629 187 705 243 cAP.
726 193 752 242 ὅ.
1060 188 1103 252 59

155 352 184 417 5.
218 349 392 433 Thamyris
420 346 613 433 Scytharum
641 351 755 435 regina
782 347 904 433 Cyrum
931 350 1103 417 Persarum

89 442 203 507 ducem
232 460 335 522 aequo
357 437 461 502 Marte
490 442 667 504 certantem
695 439 847 504 simulato
876 444 965 504 metu
993 441 1104 505 elicuit

88 531 129 595 ad
152 534 248 595 notas
272 527 371 592 militi
394 549 451 592 suo
476 527 645 613 angustias
670 533 767 612 atque
790 527 851 608 ibi,
874 532 1005 613 repente
1028 550 1103 594 con-

88 639 183 684 uerso
208 616 352 702 agmine,
374 622 491 680 natura
514 617 578 682 loci
602 616 715 681 adiuta
738 615 867 681 deuicit.

157 707 188 772 6.
218 704 375 790 Aegyptii
398 705 579 770 conflicturi
603 705 671 769 acie
693 705 728 769 in
752 705 798 769 eis
822 704 959 789 campis,
987 705 1138 790 quibust

88 797 218 861 iunctae
236 794 371 878 paludes
391 797 494 878 erant,
513 793 632 878 alg<a>
652 815 706 859 eas
725 798 938 858 contexerunt
954 794 1104 858 commis·

88 905 189 968 soque
216 883 341 966 proelio
362 880 476 968 fugam
501 882 694 947 simulantes
722 882 758 946 in
784 881 922 948 insidias
946 882 1103 967 <hostes>

88 976 319 1055 euocauerunt‚
343 971 399 1055 qui
417 970 561 1054 rapidius
580 992 639 1055 per
656 970 770 1055 ignota
789 971 910 1036 inuecti
933 972 1004 1037 loca
1025 971 1103 1035 limo
1187 1022 1189 1026 .

86 1062 298 1127 inhaeserunt
321 1059 593 1142 circumuentique
617 1064 701 1124 sunt.

156 1151 185 1212 7.
216 1146 377 1230 Viriatus,
406 1169 444 1212 cx
471 1146 599 1212 latrone
626 1143 690 1212 dux
713 1144 964 1231 Celtiberorum,
992 1148 1103 1213 cedere
1124 1166 1156 1214 10

89 1260 124 1303 se
141 1237 300 1302 Romanis
324 1236 486 1320 equitibus
511 1236 669 1301 simulans
692 1258 794 1320 usque
818 1236 858 1300 ad
881 1236 988 1301 locum
1011 1259 1104 1300 uora-

89 1327 241 1412 ginosum
265 1327 297 1388 et
319 1325 503 1408 praealtum
530 1345 586 1390 eos
608 1324 759 1408 perduxit
782 1328 827 1404 et,
858 1325 1022 1408 cumipse
1045 1347 1104 1408 per

88 1415 211 1480 solidos
244 1435 281 1478 ac
312 1417 408 1478 notos
445 1413 509 1478 sibi
545 1415 704 1480 transitus
738 1413 901 1497 euaderet,
938 1412 1102 1479 Romanos

89 1504 222 1590 ignaros
245 1501 391 1568 locorum
413 1503 637 1588 immersosque
660 1504 740 1568 limo
764 1502 889 1569 cecidit.

155 1593 183 1657 8.
215 1590 349 1656 Fuluius
372 1592 549 1673 imperator
568 1590 732 1658 Cimbrico
755 1592 841 1656 bello
866 1593 1004 1658 conlatis
1030 1613 1102 1657 cum
1124 1608 1156 1656 15

87 1680 181 1745 hoste
205 1680 322 1744 castris
342 1679 466 1761 equites
486 1700 561 1743 suos
580 1680 677 1744 iussit
695 1680 864 1745 succedere
889 1680 929 1745 ad
952 1681 1102 1745 munitio·

87 1790 146 1835 nes
165 1791 277 1834 eorum
295 1767 519 1850 lacessitisque
537 1767 685 1830 barbaris
706 1767 857 1831 simulata
873 1767 954 1852 fuga
967 1768 1103 1852 regredi.

87 1857 149 1922 hoc
169 1878 243 1922 cum
266 1876 324 1940 per
346 1855 472 1938 aliquot
491 1854 559 1918 dies
578 1853 721 1937 fecisset,
745 1854 837 1918 auide
856 1855 1104 1938 insequentibus

87 1943 243 2025 Cimbris,
263 1942 492 2008 animaduertit
510 1947 617 2007 castra
636 1964 747 2008 eorum
768 1943 866 2008 solita
886 1942 1011 2008 nudari.
1043 1944 1103 2007 ita·

89 2054 151 2117 que
178 2053 237 2116 per
258 2034 384 2115 partem
409 2031 566 2096 exercitus
590 2031 754 2097 custodita
777 2031 1010 2097 consuetudine
1029 2033 1103 2117 ,ipse
1123 2049 1157 2097 ao

87 2143 162 2185 cum
189 2120 347 2204 expeditis
374 2124 449 2203 post
477 2125 584 2184 castra
610 2120 755 2186 hostium
783 2121 930 2187 consedit
958 2121 1102 2187 occultus

87 2209 260 2294 effusisque
290 2208 337 2273 eis
366 2230 404 2273 ex
431 2231 520 2274 more
551 2214 684 2294 repente
717 2210 850 2276 adortus
879 2215 912 2276 et
939 2211 1102 2276 desertum

86 2299 215 2384 proruit
238 2298 361 2362 uallum
384 2301 417 2361 et
439 2302 547 2364 castra
571 2298 663 2382 cepit.

154 2388 184 2453 9.
217 2384 274 2452 Cn.
297 2386 446 2470 Fuluius,
479 2408 552 2452 cum
585 2387 620 2451 in
647 2383 765 2452 finibus
793 2389 915 2453 nostris
944 2389 1102 2453 exercitus

86 2474 290 2541 Faliscorum
316 2476 415 2559 longe
442 2479 555 2540 nostro
583 2475 687 2540 maior
715 2479 821 2541 castra
843 2477 1018 2560 posuisset,
1045 2497 1103 2558 per
1122 2492 1155 2540 25

88 2586 165 2629 suos
188 2564 310 2629 milites
330 2563 488 2649 quaedam
506 2564 619 2647 procul
638 2586 658 2627 a
676 2565 791 2629 castris
811 2564 957 2629 aedificia
975 2585 1103 2628 succen-

88 2652 150 2732 dit,
177 2657 214 2717 ut
236 2651 358 2718 Falisci
387 2673 462 2716 suos
489 2651 523 2715 id
551 2651 667 2716 fecisse
695 2652 859 2716 credentes
884 2673 939 2736 spe
964 2652 1102 2736 praedae

88 2739 350 2806 diffunderentur.

156 2830 208 2894 10.
231 2829 416 2895 Alexander
434 2828 586 2913 Epirotes
607 2829 762 2894 aduersus
780 2829 912 2913 Illyrios
932 2829 1102 2895 conlocata

160 2993 174 3041 1.
194 2986 313 3041 Tomiris
334 2987 362 3039 P
385 2989 388 3047 Ι
414 2986 588 3040 schitharum
604 2987 695 3056 (prior
713 2988 732 3039 h
751 2991 824 3057 exp.)
842 2987 877 3041 H
901 2987 1035 3041 scitarum
1052 2985 1079 3038 P
1098 2984 1101 3055 l

86 3061 204 3112 3notos
218 3057 261 3111 H¹
278 3060 282 3125 1
299 3074 363 3111 suos
378 3057 413 3111 H
427 3062 491 3111 ante
507 3073 561 3111 ros.
580 3062 584 3119 l
601 3062 617 3111 6
632 3057 727 3126 algeas
742 3058 777 3112 H
781 3059 815 3124 P,
833 3074 902 3113 corr.
917 3059 936 3112 d
952 3063 956 3122 l
973 3063 989 3111 7
1008 3056 1103 3111 hostes

86 3130 176 3198 suppl.
196 3129 230 3193 d;
248 3129 318 3194 forte
336 3129 448 3182 Persas:
468 3129 502 3193 cf.
518 3133 548 3195 2,
563 3132 647 3193 3,13.
668 3129 910 3200 Polyaea.2,161
932 3132 965 3182 10
984 3125 1103 3182 Celtibe·

86 3215 182 3255 rorum
204 3200 268 3253 eicit
288 3199 357 3253 Oud.
390 3197 591 3253 Lusitanorum
608 3199 693 3255 Ded:
716 3200 750 3267 cf.
766 3201 857 3269 praef.
876 3199 897 3270 ἕ
917 3204 951 3254 11
981 3200 985 3266 1
1017 3203 1048 3250 11
1073 3213 1103 3252 se

85 3285 137 3325 om.
157 3270 201 3324 H¹
226 3273 231 3338 Ι
256 3268 460 3336 uoraginistum
488 3272 528 3334 (st
552 3271 583 3324 ia
606 3287 661 3324 rae.
680 3272 710 3340 b)
734 3271 768 3325 H
790 3274 794 3340 Ι
820 3277 853 3325 15
882 3269 1023 3340 cymbrico
1042 3268 1107 3322 ΗΡ

88 3339 257 3396 Celtiberico
269 3341 339 3398 Orod.
354 3342 413 3396 coll.
424 3340 491 3395 Liar.
501 3345 546 3406 40,
555 3344 677 3396 30-32:
692 3343 725 3408 cs.
736 3342 824 3408 praef.
834 3341 855 3412 ἕ
865 3346 898 3396 11
916 3345 920 3408 Ι
937 3340 1063 3396 conlatus
1072 3340 1107 3394 H

86 3416 151 3465 cate
164 3428 219 3466 raa.
236 3413 240 3477 Ι
258 3418 291 3467 17
306 3411 467 3483 simulatalss
478 3414 545 3479 (que
559 3410 640 3479 eras.)
655 3412 690 3466 H
703 3415 707 3481 l
724 3417 757 3467 19
773 3412 893 3480 cymbris
903 3413 938 3467 H
940 3411 967 3465 P
983 3411 1103 3466 Celtibe·

86 3479 126 3534 ris
143 3480 212 3537 Oud.
230 3487 234 3548 Ι
255 3489 290 3539 20
307 3500 358 3567 per
371 3499 405 3538 ex
419 3499 469 3552 pro
482 3483 517 3537 H
529 3485 534 3552 Ι
550 3488 584 3536 17
603 3482 702 3538 fecisse
721 3484 795 3538 seH
807 3485 812 3552 Ι
828 3490 862 3538 19
877 3482 1006 3554 Epirotes
1022 3483 1104 3559 Zerb-

86 3553 194 3606 meister
216 3553 333 3623 epirotia
346 3553 382 3608 H
402 3571 436 3609 ex
455 3552 613 3625 epirotisP
633 3570 688 3609 rer.
695 3554 891 3625 Epirotarum
902 3545 1133 3616 dtuffixwffl
