2468 3832
431 103 615 169 11661111
634 97 712 169 cre
732 119 756 169 s.
1034 111 1097 176 129

83 280 178 361 rogat
179 299 217 341 66
241 280 327 340 66661
350 298 370 339 6
391 276 561 356 militibus,
585 275 660 377 quid
682 276 867 376 imperaret,
890 275 981 357 dixit,
1004 279 1041 339 ut
1065 297 1099 340 se

84 366 309 447 imitarentur,
342 367 375 427 et
402 367 532 446 arrepto
566 364 659 448 signo
686 363 773 428 host'
750 367 791 426 116
815 364 939 447 primus
962 364 1097 428 inuasit:

84 475 180 537 quem
205 415 309 516 secuti
330 453 501 533 uictoriam
526 451 633 535 adepti
657 455 741 516 sunt.

150 542 180 606 4.
214 527 381 605 Claudius
395 539 587 622 Marcellus,
618 561 690 604 eum
718 540 753 603 in
781 561 896 603 manus
930 537 1099 603 Gallorum
1215 579 1217 584 ·

86 628 262 712 inprudens
295 628 479 713 incidisset,
511 627 819 711 circumspiciendae
856 627 998 711 regionis
1036 643 1134 712 quac

42 747 43 751 ¹
86 717 238 782 euaderet
268 739 367 782 causa
398 738 516 802 equum
547 717 582 781 in
610 717 723 781 orbem
750 716 853 781 flexit:
885 715 998 779 deinde
1027 737 1100 779 cum

85 811 194 869 omnia
223 827 293 869 esse
321 805 439 870 infesta
461 804 609 887 uidisset,
637 809 790 889 precatus
819 805 896 868 deos
919 805 954 869 iu
976 802 1099 868 medios

84 893 189 957 hostis
212 893 351 977 inrupit:
375 894 492 976 quibus
511 893 679 976 inopinate
698 893 833 958 audacia
855 893 1020 977 perculsis,
1044 890 1099 955 du-

85 1002 154 1045 cem
178 1003 305 1065 quoque
333 1003 445 1046 eorum
468 980 644 1046 trucidauit
667 984 777 1065 atque,
805 981 861 1044 ubi
885 1003 958 1064 spes
983 981 1099 1045 salutis

84 1069 140 1133 uix
164 1069 381 1153 superfuerat,
403 1068 477 1133 inde
502 1069 612 1152 opima
634 1069 763 1133 rettulit
785 1069 899 1151 spolia.
1121 1082 1153 1132 10

152 1155 183 1221 5.-
217 1155 254 1220 L.
267 1156 399 1240 Paulus,
421 1157 541 1220 amisso
566 1156 607 1221 ad
622 1154 750 1227 Cannas
774 1157 924 1239 exercitu,
948 1157 1101 1222 offerente

85 1265 202 1327 equom
215 1244 353 1309 Lentulo
373 1265 436 1329 quo
454 1243 594 1330 fugeret,
617 1266 784 1328 superesse
804 1244 887 1309 cladi
906 1266 1101 1328 quamquam

85 1354 151 1397 non
174 1332 362 1415 peripsum
386 1336 570 1398 contractae
592 1333 711 1416 noluit,
735 1333 790 1397 sed
813 1333 848 1396 in
871 1354 909 1398 eo
934 1354 1027 1416 saxo,
1050 1333 1101 1396 cui
1174 1389 1178 1400 .

85 1443 120 1485 66
138 1420 289 1485 66166161
275 1424 328 1485 166
347 1421 568 1486 adclinauerat
568 1422 746 1507 ,persedit
770 1421 871 1486 donec
890 1421 931 1485 ab
950 1419 1101 1485 hostibus

88 1519 263 1594 oppressus
282 1509 469 1575 confoderet
454 1513 516 1575 t.ur
1123 1522 1155 1572 15

154 1597 183 1662 6.
219 1595 325 1663 Varro
349 1599 475 1750 collega
500 1599 568 1662 eius
592 1598 645 1664 uel
675 1597 797 1663 maiore
820 1597 1005 1663 constantia
1026 1599 1104 1680 post

86 1685 223 1750 candem
243 1685 418 1750 cladem'
387 1687 468 1750 uixit
487 1686 677 1770 gratiaeque
701 1687 731 1749 ei
750 1708 769 1749 a
788 1690 902 1750 senatu
927 1689 959 1750 et
981 1685 1102 1770 populo

87 1778 179 1839 66666
203 1778 288 1852 sunt,
312 1774 396 1858 quod
418 1795 484 1838 11611
508 1773 712 1856 desperasset
734 1794 802 1837 rem
824 1773 996 1856 publicam.
1037 1794 1103 1837 11611

88 1866 197 1925 autem
228 1862 316 1926 uitae
349 1861 546 1944 cupiditate,
583 1860 639 1924 sed
667 1862 721 1926 rei
746 1860 896 1942 publicae
928 1881 1039 1924 amore
1069 1881 1102 1924 se

86 1948 285 2032 superfuisse
312 1950 436 2032 reliquo
468 1947 585 2013 aetatis
616 1969 693 2012 suae
720 1946 865 2032 tempore
898 1948 1104 2031 adprobauit:
1123 1965 1156 2012 26

89 2041 121 2101 61
149 2037 284 2101 barbam
309 2037 526 2121 capillumque
549 2037 711 2101 summisit
735 2039 768 2100 et
789 2040 905 2119 postea
927 2058 1103 2121 numquam

87 2125 245 2189 recubans
269 2126 377 2190 cibum
400 2125 498 2209 cepit·
521 2125 697 2190 honoribus
722 2146 865 2210 quoque,
896 2147 969 2190 eum
998 2124 1027 2189 ei
1051 2125 1103 2188 de·

87 2214 249 2277 ferrentur
281 2237 301 2279 6
332 2214 471 2317 populo,
507 2213 725 2297 renuntiauit,
692 2213 867 2279 tdiccns
904 2213 1103 2279 felicioribus

88 2303 264 2388 magistrat
249 2302 339 2367 tibus
363 2304 412 2368 rei
433 2303 582 2388 publicae
606 2324 688 2388 opus
712 2324 790 2368 esse.

157 2392 185 2456 7.
218 2389 428 2476 Sempronius
451 2391 631 2456 Tuditanus
660 2396 693 2456 et
716 2389 773 2456 On.
796 2389 951 2455 Octauius
979 2389 1155 2453 tribuniae

89 2477 232 2542 militum
255 2480 403 2544 omuibus
430 2479 513 2543 fusis
537 2480 577 2543 ad
602 2477 746 2562 (lennes,
769 2500 843 2542 cum
866 2479 901 2540 in
923 2477 1102 2540 minoribus

89 2565 206 2628 castris
243 2566 572 2648 circumsederentur,
609 2568 782 2630 euaserunt
818 2563 1104 2643 commilitonibus,

91 2652 290 2735 stringerent
313 2652 439 2737 gladios
463 2656 496 2716 et
523 2673 582 2736 per
604 2652 749 2716 hostium
770 2651 934 2735 praesidia
957 2673 1104 2735 erumpe·

90 2742 164 2803 rent
190 2760 316 2823 secum,
352 2740 384 2804 id
414 2738 476 2804 sibi
508 2741 607 2804 animi
635 2761 723 2821 csse,
756 2741 884 2804 etiamsi
912 2740 1034 2804 nemini
1064 2739 1103 2804 ad

90 2827 324 2913 erumpendum
348 2827 483 2893 audacia
505 2825 631 2914 fuisset,
654 2828 873 2893 adfirmantes:
896 2828 935 2892 de
954 2833 1104 2894 661166611-
1125 2844 1160 2892 36

161 2972 179 3020 4
198 2965 330 3021 Claudius
345 2966 372 3020 P
384 2953 839 3048 ’616666166666666
854 2966 888 3020 Η
901 2982 986 3021 66666
1003 2964 1108 3020 ‘ciicum

90 3036 145 3104 (cii
163 3037 289 3099 deletam)
307 3036 334 3092 G
349 3040 353 3107 Ι
371 3043 386 3092 ’1
405 3040 480 3092 66666
497 3037 579 3108 GH!
597 3044 629 3092 11
649 3036 786 3092 61166661
812 3037 943 3092 ammisso
961 3035 1041 3092 GH¹
1059 3036 1108 3090 ad·

91 3108 177 3163 misso
186 3107 229 3174 ΡΙ
248 3113 280 3161 12
296 3123 396 3176 equom
408 3107 483 3163 ΘΗἸ
497 3124 599 3177 equum
608 3109 637 3161 P
648 3123 720 3176 equo
734 3127 765 3163 m
777 3109 796 3163 11
811 3111 816 3177 Ι
832 3107 964 3164 claudiG
978 3109 983 3178 Ι
1001 3113 1035 3162 14
1048 3107 1107 3162 uol-

91 3178 241 3233 6661666
257 3182 261 3247 1
279 3183 311 3232 11
327 3178 354 3233 ei
367 3178 397 3250 a]
412 3195 446 3233 ea
459 3179 494 3233 Η
506 3181 511 3246 1
528 3183 562 3233 19
577 3196 607 3233 66
621 3195 671 3235 om
682 3178 717 3233 Η
722 3178 731 3210 ¹
746 3182 751 3248 t
767 3184 801 3233 21
816 3195 882 3233 nam
896 3181 925 3233 et
937 3179 1056 3233 barbam
1070 3176 1105 3248 (11

93 3254 127 3302 22
146 3248 299 3304 honoribus
319 3265 430 3318 quoque
445 3249 512 3305 GH
513 3249 542 3304 P
556 3249 762 3322 honoribusque
776 3249 795 3304 d
810 3251 815 3320 1
831 3255 865 3303 25
880 3266 922 3303 611.
935 3249 963 3305 G
968 3249 1003 3303 H
1017 3265 1031 3303 c
1045 3253 1108 3302 cate

93 3321 222 3375 16666661
240 3321 327 3375 trium
343 3321 400 3389 fere
418 3321 469 3375 1111.
487 3321 515 3373 P
529 3324 533 3388 Ι
550 3326 583 3375 27
599 3319 860 3375 circumciderentur
873 3319 942 3391 bP}
958 3318 1108 3374 adfuisset

93 3406 144 3443 om.
156 3390 184 3442 P
198 3397 204 3460 1
224 3390 259 3444 da
278 3389 475 3447 cunctantibus
487 3391 515 3444 P
535 3390 750 3446 decunctantem
761 3390 827 3447 GH
842 3390 877 3444 66
891 3390 998 3446 cunctis
1013 3391 1109 3445 autem

96 3459 357 3533 2661666161θῦ
377 3461 586 3534 (cunctantibus
607 3493 638 3502 —
658 3461 811 3532 peditibus)
831 3460 1022 3530 6611166666·

148 3557 289 3601 1166161666
304 3560 339 3601 od.
353 3560 521 3607 Gundermann.
880 3555 900 3602 ‘b
