2468 3832
149 138 214 206 104
352 139 427 196 runi
445 138 625 195 securim
644 120 965 195 sranrnenmnon

149 324 210 387 que
233 302 298 387 his,
321 307 371 386 ut,
394 324 467 370 cum
490 303 725 388 processissent
748 302 917 387 oppidani,
940 302 1029 386 ligna
1051 304 1165 368 umida

148 390 368 461 incenderent.
396 391 510 456 deinde
538 413 611 456 cum
638 392 762 476 reliqua
789 393 885 474 parte'
910 391 1069 456 exercitus
1091 393 1164 458 luce

34 555 40 559 ,
149 480 189 544 ad
223 479 395 546 eliciendos
428 480 539 544 hostes
568 501 758 566 progressus
792 479 948 543 simulata
979 479 1058 563 fuga
1090 503 1161 564 per-

150 569 313 653 sequentis
342 569 521 654 oppidanos
554 569 684 654 longius
724 567 864 633 cedendo
897 568 1068 650 protraxit.
1115 571 1163 634 in·

114 658 321 723 usidiatores
356 679 457 742 prope
495 658 624 723 moenia
661 659 858 742 imperatum
891 657 1001 740 ignem
1039 659 1165 724 aceruis

149 747 368 812 subiecerunt:
399 747 484 811 unde
508 747 659 812 obortum
683 745 897 828 contemplati
918 745 1044 810 fumum
1067 744 1165 832 Agri·

150 834 276 919 gentini
303 836 465 899 incensam
493 835 661 901 ciuitatem
691 857 784 899 suam
807 834 1089 918 existimauerunt,
1114 836 1166 900 de-

148 923 390 1008 fendendaeque
414 924 482 988 eius
510 924 618 1009 gratia
648 924 724 988 dum
747 922 873 1007 trepide
896 928 1080 1007 recurrunt,
1108 926 1165 989 ob·

149 1012 211 1077 uiis
242 1012 288 1076 eis
319 1012 374 1096 qui
402 1011 549 1077 insidiati
576 1013 669 1078 iuxta
695 1033 806 1077 muros
840 1014 933 1076 erant
971 1016 1004 1076 et
1028 1034 1047 1075 a
1069 1017 1166 1098 tergo

98 1117 131 1166 10
150 1101 350 1166 instantibus
385 1122 466 1186 quos
498 1101 659 1185 persecuti
691 1100 833 1183 fuerant,
865 1099 900 1164 in
929 1100 1035 1165 medie
1066 1102 1166 1166 truci·

151 1190 219 1255 dati
242 1195 328 1254 sunt.

217 1279 246 1343 6.
279 1277 448 1344 Viriathus
478 1277 636 1362 disposito
664 1299 723 1362 per
750 1278 878 1343 occulta
907 1277 1012 1342 milite
1042 1299 1166 1362 paucos

150 1367 255 1450 misit,
279 1366 335 1451 qui
358 1366 529 1452 abigerent
549 1388 669 1451 pecora
692 1364 992 1451 Segobrigensium:
1016 1367 1056 1431 ad
1080 1389 1167 1451 quae

149 1455 198 1519 illi
222 1455 414 1518 uindicanda
437 1476 511 1519 cum
532 1453 718 1538 frequentes
749 1455 988 1538 procurrissent
1011 1456 1165 1521 simulan-

99 1547 265 1626 lotosque
293 1543 406 1628 fugam
433 1542 640 1626 praedatores
663 1547 949 1628 persequerentur,
978 1543 1107 1610 deducti
1129 1545 1166 1609 in

151 1631 287 1696 insidias
311 1632 458 1714 caesique
481 1634 566 1696 sunt.

218 1722 248 1784 7.
280 1718 440 1785 Scordisci
463 1720 602 1803 equites,
630 1741 704 1785 eum
726 1719 903 1785 Heracleae
933 1721 1070 1785 duarum
1093 1744 1167 1807 par·

150 1809 232 1874 tium
255 1808 416 1893 praesidio
440 1809 644 1893 praepositus
669 1813 755 1873 esset
777 1807 948 1891 Lucullus,
970 1831 1088 1892 pecora
1111 1811 1167 1875 ab·

150 1898 238 1983 igere
271 1897 463 1963 simulantes
504 1901 765 1981 prouocauerunt
797 1897 1013 1981 eruptionem:
1052 1899 1166 1984 fugam

97 2002 132 2053 20
153 1986 266 2051 deinde
293 1986 423 2050 mentii
459 1990 647 2070 sequentem
675 1984 846 2050 Lucullum
876 1987 910 2050 in
943 1987 1080 2052 insidias
1116 1988 1168 2052 de·

152 2074 312 2138 duxerunt
335 2077 368 2138 et
391 2075 596 2159 octingentos
620 2097 692 2140 cum
717 2095 754 2140 eo
777 2074 898 2138 milites
922 2075 1117 2140 oeciderunt.

219 2163 249 2227 8.
277 2158 398 2226 Chares
417 2163 481 2227 dux
494 2161 745 2228 Atheniensium
764 2163 932 2229 ciuitatem
951 2164 1166 2248 adgressurus

152 2249 240 2314 litori
268 2250 464 2333 appositam,
491 2255 568 2336 post
596 2251 754 2336 quaedam
781 2252 1010 2337 promunturia
1038 2254 1166 2318 occulte

151 2337 266 2403 habita
285 2339 397 2422 classe,
420 2361 437 2403 e
460 2341 597 2405 nauibus
617 2340 859 2406 uelocissimum
881 2343 1009 2424 praeter
1030 2340 1167 2405 hostilia

98 2444 133 2493 25
152 2427 313 2512 praesidia
332 2427 379 2491 ire
398 2427 507 2493 iussit:
531 2450 595 2514 que
609 2429 681 2494 uisa
699 2451 772 2496 cum
791 2430 900 2496 omnia
918 2428 1059 2514 nauigia,
1083 2451 1167 2513 quae

151 2538 211 2601 pro
231 2516 378 2582 custodia
395 2520 510 2602 portus
530 2518 680 2603 agebant,
704 2519 744 2583 ad
762 2517 1017 2604 persequendam
1042 2519 1167 2583 euolas·

153 2609 238 2689 sent,
267 2602 389 2670 Chares
417 2606 619 2671 indefensum
647 2608 781 2692 portum
809 2630 882 2673 cum
913 2606 1040 2691 relique
1064 2606 1168 2672 classe

151 2695 299 2758 inuectus
323 2694 421 2759 etiem
445 2695 612 2761 ciuitatem
636 2696 816 2782 occupauit.

225 2947 238 2994 1
259 2939 303 2993 his
318 2941 354 2994 H
369 2939 409 2995 eis
427 2940 476 3010 ΡΙ
501 2941 627 3011 aprime
645 2940 707 2995 luce
725 2941 770 3023 dl
794 2939 889 2996 luceat
911 2939 1057 3010 eligendos
1077 2941 1112 2995 H
1124 2945 1127 2991 Ι
1152 2948 1169 2996 4

153 3011 292 3067 cedendos
311 3010 346 3065 Η
359 3012 364 3079 Ι
380 3017 396 3066 b
415 3013 524 3066 acerbis
542 3012 640 3082 H¹Pl
658 3016 691 3066 12
709 3009 836 3066 Viriatus
850 3012 895 3079 ΡΙ
913 3017 946 3066 13
966 3010 1093 3067 abiereut
1111 3013 1146 3066 Η
1165 3011 1168 3083 l

154 3081 393 3150 secobrigentium
419 3081 503 3136 H¹P
525 3080 757 3152 seiobrigentinm
774 3084 805 3150 b,
829 3099 898 3137 corr.
922 3084 942 3138 d
971 3086 975 3151 Ι
1005 3083 1042 3136 ad
1060 3084 1170 3151 quaed

153 3157 240 3222 atque
257 3154 292 3208 H
296 3154 323 3206 P
338 3155 342 3220 Ι
359 3159 393 3208 14
411 3154 649 3222 procucurrissent
665 3152 705 3210 P:
723 3155 758 3219 cf.
775 3171 804 3223 p.
824 3157 869 3219 69,
887 3157 912 3210 3.
932 3158 978 3222 79,
996 3159 1016 3211 2
1033 3156 1037 3222 Ι
1056 3158 1089 3207 15
1107 3170 1169 3222 per-

154 3228 306 3293 sequentur
328 3224 372 3278 H¹
402 3226 642 3294 persequunturt
670 3227 675 3291 Ι
707 3229 739 3279 1⁷
757 3225 895 3280 haeredes
913 3225 959 3279 H¹
985 3225 1170 3298 haeracleeb

152 3296 298 3351 cerueleae
308 3296 354 3365 ΡΙ
369 3295 493 3364 partium
502 3296 568 3350 ΗΡ
582 3294 739 3350 cohortium
750 3295 923 3351 Frcinabeim
938 3299 943 3364 Ι
961 3302 993 3351 19
1011 3296 1170 3350 simulantis

152 3365 268 3430 111120
286 3366 316 3419 in
334 3367 469 3420 lucullum
488 3367 517 3420 in
531 3367 576 3421 Ηι
592 3365 596 3438 Ι
621 3372 655 3422 23
675 3365 869 3437 promontoria
883 3367 922 3436 t}
947 3372 982 3422 26
1001 3383 1169 3436 persequen-

154 3436 220 3490 dam
238 3437 274 3490 H
277 3437 305 3490 P
322 3437 546 3507 persequendum
565 3439 604 3507 dl
629 3443 664 3492 2⁷
684 3453 763 3492 cares
782 3438 811 3494 P
827 3440 900 3493 clam
918 3437 953 3492 H
967 3441 971 3506 Ι
995 3440 1025 3492 iu
1043 3437 1170 3493 indefen-

25 3502 34 3515 ‘
144 3509 251 3560 eumd
