2468 3832
150 107 193 172 32
354 105 430 162 IULI
448 105 624 162 FRONTINI
644 103 969 162 STRATEGEMATON

150 270 200 333 illi
223 269 405 352 iniquitatis
429 273 462 334 et
484 267 676 334 insolentiae
705 269 817 351 plenas
845 267 1048 351 retulissent,
1077 289 1175 335 exer-

151 358 234 423 citus
257 356 479 423 Romanorum
503 358 543 422 ad
565 356 778 442 pugnandum
802 356 981 422 concitatus
1005 361 1064 422 est.

219 445 248 511 5.
274 445 446 531 Agesilaus
464 444 795 511 Lacedaemoniorum
814 445 891 529 dux,
914 466 987 509 cum
1005 467 1109 530 prope
1129 448 1173 513 ab

153 533 356 601 Orchomeno
371 535 460 601 socia
474 535 607 600 ciuitate
622 537 729 599 castra
743 533 879 599 haberet
894 535 1174 622 comperissetque

118 624 325 709 eplerosque
353 648 392 690 ex
420 624 580 688 militibus
608 622 845 706 pretiosissima
870 644 980 687 rerum
1008 623 1173 707 deponere

152 714 240 779 intra
257 715 467 790 munimenta,
483 711 851 796 praecepitoppidanis,
867 732 908 776 ne
928 712 1005 795 quid
1024 712 1065 777 ad
1081 735 1173 779 exer·

153 802 252 867 citum
272 823 366 867 suum
384 801 549 887 pertinens
568 800 779 885 reciperetur,
803 822 867 885 quo
886 800 1052 865 ardentius
1075 802 1171 868 dimi·

153 894 241 955 caret
255 891 359 969 miles,
369 890 424 974 qui
439 889 537 954 sciret
552 889 616 955 sibi
629 911 689 973 pro
701 889 851 954 omnibus
866 889 934 954 suis
947 891 1172 975 pugnandum.

221 979 249 1043 6.
282 977 527 1062 Epaminondas
555 978 620 1043 dux
642 978 871 1043 Thebanorum
894 977 1051 1043 aduersus
1073 978 1171 1046 Lace·

103 1084 135 1132 10
154 1067 341 1132 daemonios
370 1067 594 1152 dimicaturus,
622 1070 748 1133 utnon
771 1068 877 1133 solum
899 1067 1025 1132 uiribus
1049 1069 1172 1135 milites

155 1156 215 1239 sui,
231 1178 344 1221 uerum
363 1157 463 1222 etiam
482 1156 663 1229 adfectibus
683 1157 925 1240 adiuuarentur,
943 1157 1173 1240 pronuntiauit

154 1245 189 1310 in
212 1247 362 1311 contione
386 1246 585 1311 destinatum
603 1245 881 1329 Lacedaemoniis,
904 1245 932 1310 si
951 1245 1089 1310 uictoria
1112 1268 1173 1331 po·

154 1334 304 1419 tirentur,
323 1356 435 1400 omnes
454 1334 559 1399 uirilis
578 1356 672 1399 sexus
688 1334 877 1414 interficere,
892 1334 1046 1399 uxoribus
1061 1339 1172 1400 autern

156 1444 268 1486 eorum
288 1425 321 1487 et
336 1423 450 1487 liberis
464 1423 500 1486 in
515 1424 706 1487 seruitutem
721 1422 868 1488 abductis
883 1422 1013 1488 Thebas
1028 1422 1172 1490 diruere:

104 1526 136 1574 15
156 1532 220 1594 qua
244 1510 489 1576 denuntiatione
508 1512 663 1577 concitati
681 1511 787 1595 primo
806 1512 930 1596 impetu
948 1511 1098 1577 Thebani
1109 1511 1173 1578 La·

155 1599 376 1664 oedaemonios
400 1603 676 1686 expugnauerunt.

223 1689 251 1753 7.
274 1687 492 1772 Leotychidas
508 1690 572 1754 dux
585 1688 911 1755 Lacedaemoniorum
925 1689 1029 1755 classe
1048 1709 1172 1775 pugna·

154 1781 246 1841 turus
271 1778 384 1843 eodem
403 1779 468 1863 die,
492 1800 556 1863 quo
580 1778 727 1844 uicerant
748 1779 843 1861 socii,
865 1778 1014 1862 quamuis
1037 1779 1172 1866 ignarus

155 1869 246 1931 actae
273 1868 322 1932 rei
349 1868 500 1953 uulgauit
526 1867 714 1933 nuntiatam
737 1868 800 1933 sibi
821 1867 994 1933 uictoriam
1017 1868 1173 1952 partium,

102 1969 136 2018 1ο
156 1977 218 2040 quo
242 1957 479 2022 constantiores
502 1956 543 2020 ad
566 1976 711 2041 pugnam
735 1957 856 2021 milites
879 1956 1025 2021 haberet.

223 2045 254 2108 8.
277 2045 380 2109 Aulus
399 2044 587 2110 Postumius
609 2045 749 2129 proelio,
773 2067 836 2130 quo
855 2066 928 2110 cum
947 2043 1073 2111 Latinis
1097 2067 1174 2112 con-

154 2131 252 2214 flixit,
275 2132 387 2198 oblata
410 2134 517 2218 specie
540 2133 677 2197 duorum
700 2134 734 2197 in
758 2135 849 2218 equis
872 2135 1024 2198 iuuenum
1044 2135 1172 2200 animos

157 2241 289 2284 suorum
318 2221 434 2301 erexit,
462 2221 629 2286 Pollucem
657 2225 691 2286 et
714 2220 880 2288 Castorem
911 2223 1023 2288 adesse
1052 2223 1173 2307 dicens,

157 2329 194 2373 ao
218 2309 264 2374 sic
287 2310 447 2392 proelium
470 2310 622 2375 restituit.

103 2412 136 2460 11
224 2397 254 2462 9.
285 2398 502 2464 Archidamus
534 2398 807 2465 Lacedaemonius
840 2400 997 2465 aduersus
1026 2399 1173 2464 Arcadas

156 2486 277 2550 bellum
310 2509 424 2574 gerens
460 2510 552 2552 arma
583 2489 618 2552 in
652 2489 766 2554 castris
800 2490 918 2554 statuit
949 2493 982 2553 et
1013 2488 1101 2554 circa
1133 2509 1174 2553 ca

156 2575 230 2640 duci
261 2598 359 2661 equos
390 2581 490 2642 noctu
521 2578 606 2643 clam
638 2578 827 2662 imperauit:
860 2599 998 2663 quorum
1030 2576 1173 2662 uestigia

156 2686 260 2747 mane,
278 2668 445 2749 tamquam
460 2663 578 2732 Castor
594 2671 628 2732 et
640 2666 758 2732 Pollux
776 2667 1046 2752 perequitassent,
1064 2669 1174 2731 osten-

157 2752 235 2817 dens
260 2753 428 2820 adfuturos
448 2757 579 2821 eosdem
597 2756 680 2840 ipsis
699 2756 934 2839 proeliantibus
955 2753 1128 2840 persuasit

227 2919 243 2966 3
263 2911 487 2968 lacedemoniom
500 2912 565 2982 H¹l
588 2919 620 2966 11
641 2913 797 2967 adiectibus
811 2913 846 2968 H
859 2915 863 2982 1
887 2919 920 2966 11
941 2911 1105 2967 condicione
1119 2911 1171 2983 Hl

156 2983 320 3052 poterentur
339 2984 407 3053 H¹l
433 2989 467 3038 16
490 2986 689 3053 pugnauerunt
706 2983 741 3037 Η
759 2986 762 3051 Ι
794 2990 827 3038 17
846 2983 984 3038 Euthidas
1005 2981 1107 3050 GHP,
1125 2999 1174 3037 em.

158 3053 275 3111 Oasoub.
290 3071 324 3109 ecc
337 3055 468 3126 Polyaen.
482 3060 509 3121 1,
519 3058 556 3109 33
574 3054 762 3122 Leotychidas
772 3054 831 3110 Ser.
853 3057 857 3124 1
883 3055 1020 3110 111111-
1036 3070 1091 3123 quo
1103 3053 1175 3109 Oad.

157 3142 211 3192 quo
226 3127 345 3181 classem
360 3127 424 3182 ΗΡ
441 3126 561 3180 classem
580 3126 723 3181 dolendum
745 3128 816 3181 coai.
835 3127 906 3182 idon
926 3126 996 3181 Oud.
1023 3128 1027 3195 Ι
1059 3131 1091 3179 19
1110 3142 1176 3195 par-

153 3192 228 3250 tium
251 3214 364 3252 canaan:
386 3196 421 3264 cf.
436 3215 468 3267 p.
487 3201 538 3265 35,
552 3201 599 3253 20.
623 3200 673 3264 72,
687 3202 730 3252 11.
755 3196 832 3253 01111.
846 3202 878 3266 4,
892 3203 923 3264 1,
936 3202 980 3253 35.
1000 3201 1087 3264 8,13.
1106 3202 1133 3263 9,
1147 3199 1175 3252 2.

156 3270 230 3332 16,4
246 3272 250 3335 Ι
266 3275 299 3323 11
315 3267 403 3322 Iulius
418 3267 443 3324 G
461 3267 514 3324 Ir'rl.
528 3268 602 3335 ΗΡ,
621 3270 699 3324 erud
714 3272 719 3339 1
735 3273 770 3322 11
787 3269 819 3322 in
832 3300 866 3309 —
881 3269 990 3324 anim0s
1008 3270 1041 3323 in
1054 3285 1109 3323 rac.
1120 3282 1176 3337 pro

157 3332 230 3392 Cast.
251 3370 283 3378 —
304 3338 344 3392 sic
362 3340 398 3394 H
417 3342 421 3409 1
447 3345 481 3394 13
505 3343 534 3394 et
556 3339 701 3395 Castorem
724 3355 775 3394 cru.
794 3339 823 3393 P
841 3344 845 3408 Ι
870 3343 905 3395 15
929 3340 1065 3396 archadas
1083 3339 1119 3393 H
1123 3339 1151 3392 P

158 3412 192 3460 16
207 3410 297 3481 arma]
314 3427 393 3465 aram
404 3411 522 3468 Oasaub.
542 3427 620 3466 aram
635 3413 664 3466 et
677 3428 755 3466 arma
771 3410 890 3467 Oudon
901 3411 1033 3484 Polyaeu.
1043 3415 1070 3478 1,
1080 3414 1152 3478 41,1

158 3482 191 3531 11
211 3480 276 3534 dnoi
294 3481 364 3536 duos
382 3482 513 3538 Herelius
535 3484 539 3551 1
565 3487 600 3537 18
614 3483 820 3552 perequitasset
837 3482 873 3536 H
879 3482 915 3550 P,
933 3483 1016 3538 11ιά
