2468 3832
424 135 534 192 LIBER
551 136 585 192 11.
614 135 691 192 OAP.
710 142 789 190 2-3.
1071 135 1113 199 47

100 301 273 384 exercitus,
304 300 375 384 ipse
408 302 544 383 optuma
575 301 667 381 parte
695 297 815 362 uirium
844 320 974 362 suarum
1002 299 1114 364 dextro

100 411 199 455 cornu
222 391 328 453 totam
352 387 513 452 circumiit
536 386 637 451 aciem
659 386 803 451 hostium
827 390 860 451 ot
882 387 1010 452 auertit.

165 479 196 542 4.
219 476 255 541 P.
270 474 439 542 Cornelius
458 473 581 559 Scipio,
605 476 656 539 cui
679 478 795 559 postea
817 473 972 540 Africano
996 496 1114 561 cogno

99 587 174 630 men
195 564 273 648 fuit,
296 566 451 630 aduersus
473 563 714 629 Hasdrubalem
737 563 920 629 Poenorum
943 563 1056 629 ducem
1079 565 1114 628 in

97 652 259 738 Hispania
286 673 402 743 gerens
429 653 551 717 bellum
578 653 626 717 ita
652 674 712 737 per
739 653 911 717 continuos
937 652 1006 716 dies
1030 652 1148 723 ordi-s

97 746 212 808 natum
234 743 388 825 produxit
410 742 599 826 exercitum,
626 745 664 806 ut
687 741 794 805 media
817 741 902 807 acies
925 740 1113 806 fortissimis

96 829 294 895 fundaretur.
341 832 396 895 sed
429 852 500 896 cum
533 830 644 894 hostes
678 851 805 915 quoque
838 829 951 895 eadem
986 830 1114 895 ratione

98 919 229 985 adsidue
253 919 395 985 ordinati
417 919 645 1002 procederent,
673 915 781 1002 Scipio
806 939 844 983 eo
867 919 930 1003 die,
960 940 1023 1003 quo
1048 922 1114 984 sta·

95 1012 203 1072 tuerat
227 1007 412 1091 decernere,
435 1007 650 1072 commutauit
672 1007 896 1072 instructionis
916 1008 1062 1072 ordinem
1081 1011 1114 1072 et

95 1096 300 1161 firmissimos
325 1096 373 1178 [id
392 1098 442 1161 est
459 1095 672 1181 legionarios]
696 1096 732 1160 in
754 1096 905 1160 cornibus
928 1096 1113 1162 conlocauit
1132 1114 1165 1165 10

97 1206 145 1250 ac·
161 1184 266 1249 leuem
295 1186 494 1249 armaturam
522 1185 556 1248 in
584 1183 691 1248 media
723 1183 805 1268 acie,
838 1184 893 1248 sed
924 1188 1112 1250 retractam:

96 1274 144 1337 ita
174 1272 338 1357 cornibus,
371 1273 487 1359 quibus
518 1274 594 1361 ipse
619 1273 842 1356 praeualebat‚
874 1272 1112 1337 infirmissimus

95 1361 239 1426 hostium
263 1365 373 1446 partes
397 1363 511 1426 lunata
534 1363 602 1427 acie
626 1361 800 1447 adgressus
823 1361 918 1426 facile
941 1360 1036 1427 fudit.

162 1450 192 1515 5.
215 1450 368 1516 Metellus
386 1451 422 1515 in
440 1449 609 1535 Hispania,
628 1472 667 1515 eo
685 1451 810 1534 proelio
830 1472 893 1535 quo
912 1449 1112 1517 Hirtuleium

95 1538 227 1623 deuicit,
255 1561 328 1605 cum
352 1540 563 1622 comperisset
587 1541 737 1605 cohortes
761 1540 844 1623 eius,
872 1561 955 1623 quae
979 1540 1164 1606 ualidis-15

95 1627 196 1694 simae
215 1628 429 1710 uocabantur,
450 1628 485 1691 in
504 1627 610 1692 media
629 1628 697 1692 acie
720 1630 859 1711 locatas,
881 1628 950 1712 ipse
969 1629 1110 1693 mediam

95 1714 357 1782 suorum'aciem
384 1715 526 1797 reduxit,
555 1737 597 1780 ne
625 1736 663 1779 ea
690 1719 782 1800 parte
812 1720 886 1780 ante
914 1737 986 1780 cum
1015 1718 1111 1782 hoste

28 1869 31 1872 ,
94 1805 298 1890 confligeret,
320 1825 418 1888 quam
436 1803 587 1868 cornibus
607 1803 808 1887 complicatis
828 1803 951 1868 medios
970 1804 1111 1889 undique

95 1894 372 1958 circumuenisset.

163 1982 192 2045 6.
215 1980 412 2046 Artaxerxes
432 1979 587 2044 aduersus
607 1977 760 2064 Graecos,
783 1981 839 2063 qui
857 1979 991 2045 Persida
1011 1982 1110 2045 intra·
1128 1997 1162 2048 20

95 2071 219 2151 uetant,
242 2090 314 2133 cum
333 2067 540 2133 multitudine
559 2074 735 2153 superaret,
757 2069 856 2135 latius
876 2091 973 2153 quam
996 2070 1109 2136 hostes

95 2158 163 2222 acie
185 2157 346 2223 instructa
368 2158 402 2222 in
424 2155 532 2223 fronte
552 2157 751 2242 (peditem),
776 2158 918 2243 equitem
941 2160 1110 2244 leuemque

94 2250 292 2311 armaturam
314 2247 349 2311 in
372 2247 523 2312 cornibus
543 2247 738 2313 conlocauit:
762 2253 859 2332 atque
882 2248 930 2312 ita
952 2269 992 2312 ex
1014 2249 1109 2314 indu·

93 2335 174 2399 stria
203 2335 322 2400 lentius
355 2335 548 2421 procedente
581 2334 688 2401 media
720 2337 788 2401 acie
820 2337 931 2420 copias
964 2337 1109 2402 hostium

93 2424 195 2490 cinxit
218 2425 407 2508 ceciditque.
1129 2441 1163 2491 25

160 2514 189 2578 7.
222 2511 343 2578 Contra
371 2511 537 2577 Hannibal
566 2512 606 2576 ad
630 2511 760 2577 Cannas
773 2513 928 2577 ‘reductis
957 2512 1116 2587 cornibus¹

91 2601 310 2684 productaque
332 2600 439 2664 media
462 2600 530 2664 acie
548 2604 680 2664 nostros
703 2599 954 2683 primovimpetu
978 2604 1108 2685 protru-

92 2689 144 2753 sit.
184 2688 270 2752 idem
293 2691 443 2753 conserto
465 2688 603 2772 proelio,
631 2687 790 2771 paulatim
812 2687 952 2752 inuicem
976 2690 1108 2754 sinuan-

90 2777 179 2841 tibus
202 2776 515 2862 procedentibusque
539 2776 579 2842 ad
597 2779 805 2861 praeceptum
824 2777 991 2864 cornibus,
1015 2777 1108 2843 auide

91 2867 317 2950 insequentem
344 2865 474 2931 hostem
501 2865 537 2930 in
564 2865 704 2930 mediam
733 2864 833 2930 aciem
862 2888 955 2931 suam
983 2867 1108 2950 recepit
1126 2883 1161 2933 30

163 3011 178 3058 1
198 3003 308 3074 optima
326 3006 365 3074 dl
387 3006 473 3060 aerbo
491 3004 590 3059 dextro
610 3020 696 3060 cornu
715 3005 849 3060 immerito
866 3009 993 3072 suspecta
1010 3005 1109 3060 habuit

90 3077 169 3132 Stcw.
193 3079 198 3146 Ι
227 3075 364 3132 2011ουὶ1
382 3076 426 3130 ΗΙ
455 3075 619 3131 circumitlt
643 3077 648 3146 Ι
673 3082 689 3132 3
710 3074 805 3145 Scipio
823 3091 873 3131 orn.
895 3075 947 3142 ΡΙ
976 3075 1107 3130 'lhostes

89 3165 139 3203 om.
150 3147 195 3202 Ηι
211 3149 215 3216 Ι
233 3151 266 3200 10
280 3145 311 3200 id
325 3148 369 3201 est
382 3145 554 3216 legionarios
572 3148 672 3203 deleuit
685 3146 848 3216 Wcssela'aq:
867 3147 901 3213 cf.
912 3147 1003 3216 praef.
1019 3145 1040 3217 §
1049 3149 1085 3200 13
1101 3146 1105 3218 l

90 3217 228 3275 cornubus
238 3217 273 3270 H
284 3223 346 3273 ante
359 3234 414 3274 ras.
432 3220 437 3286 Ι
454 3222 487 3272 15
503 3217 631 3273 cohortes
649 3233 699 3274 orn.
711 3218 758 3285 ΡΙ
776 3224 809 3272 16
826 3217 1007 3273 iactabantur
1021 3217 1106 3273 Groa.

89 3289 259 3344 uidebantur
276 3288 441 3358 Woelfflin!
467 3294 500 3343 18
520 3287 685 3358 confligeret
703 3290 732 3344 et
745 3288 781 3343 H
797 3289 801 3360 Ι
822 3287 980 3358 confligatis
995 3289 1024 3343 P
1042 3296 1106 3359 'pro-
1134 3303 1138 3307 ·

88 3360 194 3428 fligatis
214 3361 294 3416 Mod.
319 3359 489 3416 conflictatis
507 3359 632 3416 Eussner
648 3362 652 3428 1
676 3364 710 3414 20
730 3359 909 3415 Artarxerxes
923 3359 968 3429 ΡΙ
983 3358 1107 3429 persidia

89 3430 134 3555 g:
156 3429 297 3498 persidam
316 3431 345 3486 P
349 3439 378 3557 11³
390 3438 424 3486 22
443 3431 570 3502 peditem
587 3432 727 3502 suppleuit
745 3430 871 3487 Eussner
891 3433 896 3498 l
919 3436 953 3485 24
973 3431 1034 3486 soie
1052 3446 1103 3486 om.

155 3505 159 3570 Ι
182 3506 217 3556 30
235 3501 265 3555 in
283 3519 333 3558 ora.
