2468 3832
408 143 518 199 LIBER
535 143 569 199 Π.
598 143 676 201 OAP.
697 150 810 200 10-11.
1081 143 1123 208 83

107 309 239 375 admisit
261 307 472 393 Epidaurios,
496 328 594 392 quam
618 306 747 372 obsides
771 328 790 370 a
813 307 1014 394 principibus
1043 307 1124 374 acci·

103 402 203 552 pere2t,
226 484 284 551 On.
298 484 482 569 Pompeius,
497 505 570 551 cum
588 434 754 569 suspectos
768 484 904 549 heberet
918 481 1121 551 Chaucenses

105 579 138 641 et
160 577 334 653 careretur,
356 595 397 639 ne
425 573 622 658 praesidium
649 595 716 639 non
741 574 938 658 reciperent,
961 574 1058 658 petiit
1081 575 1121 638 ab

104 663 165 748 eis,
193 666 231 727 ut
254 683 368 748 aegros
392 662 524 727 interim
549 662 635 748 apud
659 684 693 728 se
716 662 806 727 refici
828 664 1030 747 paterenturr
1058 660 1157 727 for-5

103 752 240 817 tissimis
268 751 382 817 deinde
410 750 527 817 habitu
558 751 784 837 languentium
812 751 922 816 missis
955 751 1121 816 ciuitatem

104 843 556 995 oceldlallllexcdrildbiudleiiidla
574 929 822 1013 perdomitaque
847 927 988 994 Thracia
1006 931 1121 1012 petens

102 1017 230 1103 Asiam,
267 1019 407 1103 ueritus,
438 1039 480 1082 ne
512 1021 590 1102 post
620 1016 722 1102 ipsius
747 1017 925 1082 discessum
957 1020 1122 1083 sumerent

103 1128 207 1189 arma,
239 1126 332 1190 reges
366 1127 479 1170 eorum
510 1104 755 1190 praefectosque
786 1109 820 1170 et
850 1107 968 1190 omnis,
1001 1107 1119 1192 quibus
1141 1123 1174 1172 ιο

103 1194 277 1260 uidebatur
294 1193 400 1259 inesse
421 1215 497 1258 cura
516 1194 680 1259 detractae
702 1193 878 1277 libertatis,
902 1215 1009 1260 secum
1028 1195 1121 1259 uelut

102 1282 237 1348 honoris
257 1304 355 1347 causa
371 1282 487 1367 traxit,
510 1283 672 1367 ignobiles
692 1287 802 1348 autem
820 1282 943 1348 relictis
962 1283 1119 1366 plebeios-

104 1393 166 1456 que
189 1369 358 1456 praefecit,
382 1374 592 1454 consecutus,
614 1372 665 1436 uti
684 1372 847 1456 principes
865 1371 1031 1436 beneficiis
1051 1372 1121 1436 cius

103 1459 254 1526 obstricti
281 1459 365 1524 nihil
392 1480 514 1525 nouare
546 1460 682 1543 uellent,
714 1460 806 1544 plebs
835 1481 913 1526 uero
940 1481 982 1525 ne
1009 1463 1121 1546 posset

104 1549 246 1634 quidem,
270 1548 412 1632 spoliata
434 1549 646 1634 principibus.
1142 1566 1173 1615 15

168 1639 198 1703 4.
232 1637 419 1722 Antipater,
448 1641 622 1721 conspecto
649 1636 940 1722 Peloponesiorum
968 1639 1121 1723 exercitu,

101 1727 157 1811 qui
181 1727 293 1791 audita
316 1729 421 1791 morte
439 1725 619 1790 Alexandri
642 1725 683 1789 ad
705 1725 926 1790 infestandum
949 1727 1121 1811 imperium

97 1815 171 1879 eius
204 1814 438 1898 confluxerant,
476 1813 685 1878 dissimulans
718 1813 799 1878 scire
833 1834 880 1898 se,
917 1834 981 1897 qua
1013 1816 1121 1879 mente

102 1902 282 1979 uenissent,
306 1902 430 1986 gratias
454 1901 506 1966 his
526 1902 607 1986 egit,
630 1901 717 1987 quod
736 1900 822 1985 (ad)
842 1901 999 1967 auxilium
1017 1901 1120 1966 feren-

102 1990 178 2055 dum
200 1989 386 2054 Alexandro
410 1989 564 2055 aduersus
587 1989 862 2055 Lacedaemonios
885 1990 1121 2075 conuenissent,
1140 2008 1175 2058 2⁰

103 2078 283 2161 adiecitque
305 2078 338 2142 id
363 2099 396 2143 se
419 2079 491 2164 regi
514 2079 728 2164 scripturum,
752 2082 895 2144 ceterum
918 2078 1020 2163 ipsos,
1045 2079 1120 2163 quia

102 2167 168 2232 sibi
191 2189 289 2252 opera
318 2188 429 2232 eorum
457 2167 492 2231 in
519 2167 707 2252 praesentia
729 2189 796 2233 non
819 2171 906 2234 esset
928 2168 1121 2254 neccssaria,

102 2256 230 2320 abirent
240 2256 364 2340 domos,
379 2255 531 2322 hortatus
543 2256 651 2340 <est>z
666 2260 699 2322 et
708 2257 771 2322 hac
780 2257 1026 2323 adseueratione
1035 2258 1120 2342 peri·

102 2346 224 2429 culum,
254 2344 340 2430 quod
363 2366 402 2409 ex
423 2346 570 2410 nouitate
598 2367 707 2410 rerum
734 2346 929 2431 inminebat,
957 2347 1120 2412 discussit.

167 2433 198 2498 5.
222 2431 330 2517 Scipio
344 2432 518 2499 Africanus
538 2433 574 2498 in
587 2428 758 2519 Hispania,
776 2457 851 2499 cum
869 2436 955 2499 inter
972 2435 1118 2518 captiuas
1138 2451 1172 2500 ae

101 2522 237 2587 eximiae
266 2520 391 2586 formae
417 2523 514 2607 uirgo
543 2521 708 2605 <nubilis>
738 2523 835 2604 [alias
859 2526 892 2587 et
914 2522 1049 2602 nobilis]
1079 2523 1119 2586 ad

101 2630 175 2673 eum
200 2608 356 2692 perducta
385 2613 472 2674 esset
500 2610 709 2694 omniumque
734 2611 845 2676 oculos
868 2610 903 2674 in
927 2631 961 2674 se
985 2631 1119 2675 conuer-

101 2699 199 2779 teret,
223 2718 349 2761 summa
373 2696 520 2763 custodia
542 2697 691 2762 habitam
716 2719 836 2783 sponso
859 2699 991 2764 nomine
1012 2699 1119 2765 Alicio

173 2895 188 2943 1
207 2905 288 2944 acm.
306 2887 374 2943 GH
388 2905 423 2943 ex
436 2890 456 2945 d
471 2891 476 2959 Ι
492 2895 508 2944 3
523 2904 671 2944 caucenses
685 2890 705 2945 d
720 2890 884 2946 Catinenses
902 2891 962 2947 edd.
984 2891 987 2963 l
1008 2890 1120 2961 tpetiit

99 2960 210 3032 dpetit
233 2961 276 3028 (ia
299 2976 355 3015 ras.
371 2975 424 3030 pro
447 2960 483 3015 ab
506 2959 546 3015 eis
566 2960 770 3035 chHP}
799 2966 816 3016 9
835 2964 1010 3017 sumerentur
1032 2963 1090 3017 edd.
1113 2961 1117 3033 l

101 3038 132 3087 11
148 3031 299 3087 uidebatur
319 3047 369 3087 oon.
393 3030 438 3085 11¹
454 3033 458 3101 Ι
475 3031 604 3087 decretae
618 3032 654 3086 H
673 3032 678 3104 l
700 3038 732 3087 12
751 3032 886 3103 ignobilis
901 3033 927 3088 G
944 3031 1118 3102 ignobilibus

101 3103 154 3174 ΡΙ
182 3103 332 3158 relictura
361 3104 366 3172 l
394 3101 493 3172 pheios
513 3105 622 3171 (omino
641 3108 708 3173 que)
726 3104 755 3159 P
781 3108 785 3173 Ι
817 3108 850 3158 16
868 3102 1118 3172 Peloponesiorum

100 3173 272 3230 Frciasbeim
289 3175 322 3229 ia
339 3174 430 3243 suppl.
448 3171 524 3230 Orat.
544 3178 602 3243 6‚1
626 3175 718 3244 priore
737 3175 879 3232 nesiorum
899 3174 964 3230 GH
966 3174 995 3229 P
1011 3175 1016 3244 Ι
1041 3190 1118 3230 exer·
1164 3233 1167 3240 ,

99 3245 172 3300 citus
193 3244 275 3314 GH!
293 3249 326 3299 18
341 3244 523 3300 conflixerant
536 3245 572 3299 H
583 3244 588 3316 Ι
606 3251 638 3300 19
656 3246 702 3300 his
716 3247 752 3301 H
766 3245 801 3300 iis
820 3245 879 3301 uP
913 3246 949 3301 ad
967 3246 1057 3316 suppl.
1076 3245 1114 3317 dl

99 3315 214 3371 ferendo
233 3316 335 3385 Η121
355 3315 386 3370 id
395 3332 445 3372 oon.
461 3316 488 3371 G
503 3318 507 3386 t
524 3322 558 3372 23
578 3318 623 3372 est
639 3318 748 3386 supplet
766 3319 785 3373 d
801 3319 805 3387 Ι
822 3322 857 3372 26
876 3316 913 3370 a‘
933 3334 946 3371 s
966 3319 996 3372 et
1013 3316 1117 3372 nobilis

99 3385 220 3451 (nobiles
237 3386 276 3457 θ)
296 3387 362 3443 GH
365 3388 404 3457 P,
427 3389 525 3458 quibus
543 3387 762 3444 deletie.nubilis
781 3389 845 3445 add.
866 3387 936 3444 Oud.
956 3388 986 3442 et
1004 3387 1117 3457 nubilis,

99 3456 360 3528 mascaliaascra
378 3460 413 3527 ef.
419 3460 510 3530 praef.
520 3458 542 3530 ἕ
550 3462 587 3514 13
606 3462 611 3528 Ι
627 3457 755 3530 captiuas
770 3460 841 3514 alias
861 3458 978 3514 eximiae
996 3460 1016 3514 f.
1035 3459 1117 3530 uirgo

100 3528 130 3583 et
147 3527 250 3583 nobilis
269 3531 327 3586 cdd.
344 3531 349 3599 Ι
365 3535 400 3586 28
415 3529 498 3586 alicio
515 3531 543 3585 P
555 3530 702 3586 aliciorum
713 3530 779 3586 GH
788 3530 935 3584 Allucceic
949 3531 1132 3587 theaumo

692 3617 693 3621 ,
943 3611 983 3664 ἦ,
