2468 3832
450 119 563 175 LIBER
580 121 600 175 Ι.
629 119 706 176 CAP.
727 126 769 174 11.
1074 119 1117 184 33

174 284 223 348 10.
251 282 394 348 Pericles
422 282 487 346 dux
509 281 760 348 Atheniensium
786 283 926 347 initurus
948 283 1117 366 proelium,

103 394 176 438 cum
196 370 482 436 animaduertisset
499 371 621 449 lucum,
642 392 681 434 ex
700 393 765 454 quo
783 375 919 454 utraque
938 371 1024 436 acies
1043 393 1117 437 con·

104 460 187 546 spici
209 463 352 545 poterat,
376 459 586 524 densissimae
606 459 795 543 opacitatis,
819 464 950 524 uastum
972 459 1118 544 alioquin

103 554 137 614 et
154 548 226 613 Diti
249 549 337 631 patri
355 569 496 632 sacrum,
518 548 661 633 ingentis
684 547 751 612 illic
774 551 920 612 staturae
942 547 1117 632 hominem,

104 637 276 702 altissimis
300 637 444 702 coturnis
468 640 501 701 et
519 640 609 701 ueste
632 657 796 720 purpurea
814 635 895 719 <ac>
914 658 1007 701 coma
1024 656 1152 704 ueneo

103 725 255 809 rabilem,
278 725 313 789 in
335 746 430 790 curru
447 725 657 790 candidorum
676 746 831 809 equorum
851 724 1024 790 sublimem
1043 746 1117 790 con·

103 814 225 897 stituit,
253 813 309 898 qui
336 814 413 878 dato
441 813 535 899 signo
562 834 691 898 pugnae
718 814 951 897 proueheretur
979 818 1012 879 et
1039 835 1118 879 uoce

102 901 262 967 Periclem
285 903 416 967 nomine
440 902 610 986 appellans
639 901 864 968 cohortaretur
886 925 960 967 eum
983 902 1118 968 diceret·

102 1013 165 1075 que
189 991 266 1055 deos
290 990 546 1056 Atheniensibus
575 989 699 1055 adesse:
728 1013 792 1075 quo
819 1012 922 1075 paene
944 995 1020 1057 ante
1043 1012 1117 1056 con·

102 1080 223 1144 iactum
245 1080 305 1143 teli
327 1079 440 1144 hostes
463 1084 555 1164 terga
578 1082 753 1144 uerterunt
1138 1098 1171 1146 10

173 1169 224 1232 11.
254 1166 291 1231 L.
311 1165 415 1251 Sulla,
439 1188 502 1251 quo
524 1167 723 1251 paratiorem
745 1167 884 1232 militem
907 1167 949 1232 ad
971 1188 1117 1252 pugnan-

102 1256 181 1321 dum
212 1255 361 1339 haberet,
392 1256 535 1339 praedici
568 1255 632 1321 sihi
660 1279 680 1321 a
706 1255 768 1320 diis
800 1256 913 1322 futura
942 1255 1118 1321 simulauit.

102 1348 270 1429 postremo
294 1344 393 1409 etiam
416 1346 452 1409 in
475 1349 651 1428 conspectu
674 1345 847 1428 exercitus,
869 1345 1061 1429 priusquam
1084 1345 1118 1408 in

103 1433 206 1499 aciem
225 1432 444 1517 descenderet,
463 1434 594 1519 signum
611 1433 755 1499 modicae
774 1433 1013 1518 amplitudinis,
1032 1433 1119 1519 quod

102 1520 241 1605 Delphis
256 1522 444 1605 sustulerat,
458 1523 573 1588 orabat
585 1523 793 1607 petebatque,
807 1522 1003 1608 promissam
1016 1524 1118 1588 uicto·
1138 1539 1171 1589 16

103 1610 186 1674 riam
209 1615 397 1675 maturaret

173 1699 222 1763 12.
247 1697 281 1764 O.
297 1698 420 1764 Marius
443 1720 558 1783 sagam
580 1699 744 1782 quandam
768 1720 807 1762 ex
830 1697 923 1782 Syria
946 1699 1076 1783 habuit,
1099 1722 1119 1764 a

104 1809 222 1871 quase
242 1788 485 1852 dimicationum
504 1788 639 1851 euentus
662 1786 864 1870 praediscere
888 1786 1073 1852 simulabat.

173 1876 223 1941 13.
252 1873 288 1950 Q.
308 1873 484 1958 Sertorius,
507 1896 581 1939 cum
603 1874 744 1939 barbaro
767 1878 800 1938 et
823 1874 963 1938 rationis
986 1874 1119 1940 indocili

103 1964 210 2028 milite
232 1966 391 2044 uteretur,
414 1984 543 2028 ceruam
563 1961 735 2027 candidam
753 1961 891 2046 insignis
914 1962 1038 2027 formae
1060 1984 1119 2047 per
1138 1982 1172 2030 ao

103 2051 305 2117 Lusitaniam
342 2051 479 2117 ducebat
512 2056 546 2117 et
578 2052 619 2116 ab
651 2072 690 2116 ea
722 2072 756 2116 se
790 2072 872 2135 quae
905 2050 1031 2136 agenda
1062 2055 1120 2117 aut

103 2139 241 2205 uitanda
272 2144 393 2225 essent,
424 2162 635 2224 praenoscere
663 2141 890 2225 adseuerabat,
922 2144 959 2206 ut
985 2140 1118 2206 barbari

104 2228 146 2294 ad
169 2230 278 2294 omnia
301 2233 470 2315 tamquam
493 2230 650 2296 diuinitus
671 2231 834 2314 imperata
856 2229 1053 2296 oboedirent.

172 2318 258 2399 [Hoc
286 2339 403 2404 genere
432 2323 690 2404 stratagematon
717 2341 785 2384 non
809 2323 941 2384 tantum
964 2341 1001 2383 ea
1024 2324 1118 2404 parte

102 2407 260 2472 utendum
283 2411 346 2487 est,
374 2430 439 2492 qua
460 2409 618 2492 inperitos
642 2407 900 2473 existimabimus
925 2429 1008 2491 esse,
1032 2406 1119 2491 apud
1137 2424 1171 2474 25

105 2516 185 2578 quos
203 2495 254 2558 his
273 2499 417 2572 utemur,
438 2496 495 2560 sed
513 2497 617 2561 multo
636 2495 743 2580 magis
761 2517 814 2579 ea,
833 2517 898 2580 qua
915 2495 997 2560 talia
1015 2499 1119 2577 erunt,

106 2581 1117 2755 ‘¹¹¹³tr‘tt‘ttttlt'alt0tlhtttttttttttl

104 2755 287 2821 dicamento
320 2755 503 2842 haruspicis
536 2779 682 2842 manum,
715 2781 813 2841 quam
845 2760 900 2824 ille
933 2759 1016 2825 extis
1049 2764 1119 2825 erat

104 2846 342 2929 suppositurus.
378 2846 508 2912 litterae
531 2846 761 2932 significabant
782 2847 955 2914 uictoriam
978 2848 1118 2913 Alexan·
1137 2866 1171 2914 ao

175 2991 191 3040 3
209 2983 317 3054 poterit
334 2985 369 3040 H
390 2988 395 3053 Ι
420 2991 437 3040 5
455 3003 489 3041 ac
506 2988 596 3057 suppl.
614 2988 634 3043 d
658 2989 663 3056 Ι
693 2994 709 3043 6
728 2985 868 3042 sublimen
881 2987 917 3041 H
939 2990 943 3054 Ι
968 2992 984 3041 7
1002 2987 1073 3054 forte
1091 2990 1120 3042 st

103 3054 250 3180 magn?
268 3072 337 3111 uoce
353 3059 358 3126 ι
374 3060 391 3137 t}
408 3057 534 3126 periclen
548 3057 595 3126 ΡΙ
609 3057 722 3114 nomine
740 3075 791 3115 om.
806 3059 825 3114 d
840 3061 877 3128 19
897 3057 966 3130 quo]
985 3058 1034 3126 qui
1047 3057 1093 3113 11¹
1112 3058 1116 3130 1

102 3142 193 3196 poene
290 3127 414 3181 ertemti
433 3127 504 3184 Oud.
525 3128 590 3200 {211
609 3131 732 3200 acepta
750 3133 858 3186 11-13
882 3130 945 3185 eicit
966 3129 1121 3197 Woelfflin:

103 3197 139 3264 cf.
158 3145 322 3280 ρναεῄξθ
344 3200 348 3267 Ι
373 3197 547 3268 syllaHPt
575 3205 607 3254 12
627 3198 681 3254 diis
700 3200 1118 3274 HdisHantccorr.clP{

104 3274 137 3323 17
157 3285 268 3336 arguam
281 3269 317 3323 H
318 3269 326 3298 ¹
345 3285 462 3338 sagnam
475 3272 493 3325 b
509 3274 513 3340 Ι
530 3271 669 3338 quandam
682 3272 722 3336 H,
740 3273 787 3328 scd
803 3290 824 3327 n
840 3273 873 3327 tn
885 3287 941 3327 rua.
954 3272 973 3326 b
988 3274 993 3341 Ι
1013 3277 1049 3327 20
1066 3273 1119 3331 mi-

102 3337 169 3394 lites
183 3339 228 3393 H¹
246 3339 337 3394 limite
355 3340 401 3409 ΡΙ
424 3347 459 3396 24
478 3341 538 3396 Hoc
554 3373 587 3382 -
602 3343 751 3397 credantur
769 3343 846 3399 eiecit
863 3343 958 3398 saa.-
975 3343 1012 3411 εἰ.
1028 3344 1118 3413 praef.

102 3407 124 3480 5
133 3413 152 3463 9
167 3412 171 3479 Ι
187 3415 221 3465 25
231 3410 356 3479 quamP
367 3413 371 3480 Ι
388 3412 672 3483 existimauimusHl
687 3419 722 3469 26
732 3415 817 3483 quad
835 3430 889 3482 que
901 3413 946 3470 Η1
964 3415 1120 3486 quaeth

106 3495 140 3536 ca
152 3479 235 3536 utilia
249 3483 331 3535 erunt
342 3481 412 3538 Oud.
429 3485 433 3552 1
450 3489 483 3538 27
499 3501 517 3538 a
531 3482 599 3555 diis]
614 3484 695 3540 adhis
704 3485 734 3540 P
746 3491 751 3553 Ι
766 3487 816 3540 ata
829 3485 985 3540 credantur
996 3488 1035 3535 ua
1044 3485 1138 3533 susus

156 3579 295 3620 heremus
310 3581 344 3620 sd.
361 3579 531 3623 Guudsrmanu.
965 3568 989 3611 ³⁵
