2468 3832
424 139 534 197 LIBER
548 138 601 197 ¹111,
629 136 706 195 CAP.
727 144 804 194 6-8.
1076 137 1119 203 99

103 307 222 387 terem,
255 301 310 386 qui
338 302 476 368 siccatus
504 302 694 386 ingressum
720 301 914 386 praebebat,
941 301 1055 367 urbem
1078 301 1125 367 in-

103 392 216 459 trauit.
1109 447 1112 464 s

172 479 219 560 [5.·
250 477 439 550 Samiramis
458 477 612 545 aduersus
636 478 766 543 eosdem
785 476 987 562 Babylonios
1009 480 1123 550 eodem

103 569 273 652 Euphrate
297 588 411 633 auerso
434 567 522 632 idem
545 566 662 633 fecisse
686 567 827 647 dicitur}

173 658 203 722 6.
236 653 419 721 Clisthenes
439 653 609 741 Sicyonius
634 656 765 721 ductum
789 655 947 740 aquarum
969 656 1005 719 in
1028 655 1157 738 oppia

104 747 180 810 dum
204 744 409 811 Orisaeorum
431 744 589 813 ferentem
612 745 713 829 rupit:
737 766 813 810 mox
835 743 971 810 adfectis
995 743 1050 808 siti
1073 765 1121 808 re·

105 835 213 900 stituit
236 855 353 917 aquam
377 834 520 898 elleboro
543 839 746 916 corruptam,
770 856 834 919 qua
856 855 933 899 usos
960 832 1121 918 profluuio

103 923 228 988 uentris
253 923 437 987 deficientes
461 922 556 1004 cepit.
586 975 588 979 ,

246 1096 321 1152 VIII.
350 1096 398 1150 DE
417 1094 608 1157 INICIENDO
628 1093 794 1152 OBSESSIS
812 1094 968 1152 anoan.
1051 1103 1055 1107 ’

173 1208 200 1271 1.
232 1204 417 1288 Philippus,
446 1225 519 1269 curn
547 1203 737 1271 Prinassum
765 1205 937 1271 castellum
964 1206 1056 1270 nulla
1084 1205 1118 1269 ui
1140 1220 1174 1280 ro

103 1315 217 1378 capere
240 1299 360 1377 posset,
382 1296 504 1359 terram
529 1297 605 1359 ente
629 1294 719 1378 ipsos
742 1316 852 1360 muros
877 1295 999 1379 egessit
1023 1294 1118 1359 simu·

104 1383 248 1466 lauitque
276 1381 330 1466 agi
358 1381 553 1448 cuniculum:
581 1383 766 1467 castellani,
798 1383 875 1467 quia
903 1383 1056 1449 subrutos
1087 1404 1122 1448 se

107 1473 341 1555 existimarant,
365 1470 563 1536 dediderunt.

168 1562 198 1627 2.
231 1559 406 1644 Pelopidas
430 1558 604 1626 Thebanus
626 1560 817 1646 Magnetum
846 1561 909 1627 duo
934 1560 1054 1644 oppida
1078 1560 1118 1625 si-

101 1650 169 1717 mul
192 1652 437 1732 oppugnaturus
455 1670 521 1714 non
544 1650 592 1713 ita
610 1650 710 1734 longo
734 1649 840 1732 spatio
864 1649 1029 1733 distantia,
1053 1671 1116 1733 quo
1138 1664 1171 1716 15

102 1741 250 1823 tempore
265 1737 305 1802 ad
320 1736 459 1801 alterum
478 1758 590 1801 eorum
609 1739 783 1802 exercitum
803 1737 1009 1820 admouebat,
1027 1758 1120 1820 prae-

103 1827 206 1910 cepit,
228 1829 266 1891 ut
289 1846 329 1889 ex
352 1824 533 1908 composito
556 1825 598 1889 ab
623 1824 697 1889 aliis
721 1826 837 1890 castris
857 1828 1009 1909 quattuor
1032 1826 1120 1910 equi·

105 1919 156 1979 tes
185 1912 333 1978 coronati
363 1913 503 1978 notabili
531 1913 701 1979 alacritate
724 1913 816 1978 uelut
841 1913 1015 1978 uictoriam
1037 1935 1119 1978 nun-

103 2004 224 2066 tiantes
256 2000 415 2067 uenirent.
460 2001 498 2065 ad
529 2002 620 2067 euius
650 2003 890 2067 simulationem
919 2001 1120 2080 curauit,·ut

102 2091 185 2154 silua
205 2110 286 2173 quae
306 2090 341 2154 in
360 2089 464 2154 medio
484 2094 556 2155 erat
578 2089 812 2175 incenderetur,
835 2091 1024 2174 praebitura
1048 2112 1116 2176 spe·
1137 2107 1171 2159 20

103 2180 185 2243 ciem
213 2178 303 2243 urbis
336 2177 491 2264 ardentis,
524 2184 695 2264 praeterea
728 2181 883 2262 quosdam
913 2180 1116 2265 captiuorum

100 2267 215 2333 habitu
232 2267 347 2332 eodem
365 2267 461 2333 iussit
478 2268 624 2352 perduci:
648 2290 712 2353 qua
731 2269 976 2334 adseueratione
994 2274 1117 2352 perter-

101 2357 157 2422 riti
181 2356 236 2441 qui
260 2356 501 2441 obsidebantur,
525 2356 600 2423 dum
624 2358 659 2423 in
681 2361 774 2442 parte
797 2358 863 2422 iam
889 2380 924 2422 se
947 2362 1118 2442 superatos

102 2445 305 2528 existimant,
328 2445 520 2510 defecerunt.
641 2443 643 2448 ’

167 2535 197 2598 3.
228 2532 331 2616 Cyrus
354 2532 527 2597 Persarum
552 2554 625 2614 rex,
653 2534 778 2599 incluso
802 2531 957 2598 Sardibus
986 2532 1116 2612 Croeso,
1135 2549 1170 2600 26

101 2643 166 2705 qua
188 2624 383 2704 praeruptus
412 2641 505 2685 mons
532 2622 661 2687 nullum
690 2622 816 2687 aditum
842 2622 1046 2706 praestabat,
1074 2622 1116 2691 ad

101 2709 230 2774 moenia
257 2709 360 2775 malos
389 2710 599 2793 exsequentis
628 2710 836 2775 altitudinem
863 2712 933 2795 iugi
964 2711 1117 2796 subrexit,

171 2871 186 2919 1
206 2865 309 2934 prebat
326 2865 390 2934 11¹1
410 2871 426 2921 3
445 2868 595 2936 coemptum
613 2867 748 2922 alienum:
767 2867 801 2934 ef.
818 2868 908 2935 praef.
927 2867 949 2938 ,d
967 2869 1006 2936 91
1028 2867 1116 2922 Sami·

98 2938 174 2992 ranis
193 2936 237 2991 H¹
257 2935 419 2991 Semiramis
437 2938 456 2991 d
480 2935 485 3009 Ι
508 2936 608 2992 eodem
626 2937 670 2991 H¹
695 2940 700 3007 t
725 2938 837 2993 eosdem
857 2937 891 2991 H
913 2944 917 3003 Ι
943 2938 1116 2993 dclistenes

99 3008 240 3078 sycionius
251 3007 333 3076 ΗΡΙ
356 3013 372 3062 6
392 3006 588 3062 Cirrhaeorum
607 3008 667 3066 Ser.
682 3010 741 3064 coll.
758 3010 890 3078 Potyucu.
907 3011 998 3077 6,131
1015 3014 1031 3063 t
1050 3025 1116 3063 usus

100 3079 160 3134 GH
176 3081 181 3148 Ι
206 3085 223 3135 8
242 3079 403 3161 deficientes
420 3079 537 3147 Lipsius
560 3078 757 3149 decoepIentes
775 3079 821 3134 Η1
839 3079 1013 3166 decipientes
1031 3081 1050 3135 b
1069 3079 1115 3134 de·

99 3166 207 3276 mpwill
226 3149 564 3276 {niiibliirirntdbdfflddii
580 3222 676 3292 Polyb.
694 3227 744 3287 16,
763 3227 806 3277 11.
841 3223 973 3293 Pupam.
987 3226 1019 3288 4,
1032 3226 1115 3287 18,1

97 3292 248 3347 trinassum
258 3292 324 3347 ΗΡ
338 3295 342 3362 Ι
360 3297 392 3347 11
408 3293 533 3361 adgessit
546 3293 606 3348 edd.
623 3295 627 3360 Ι
645 3298 677 3347 12
693 3291 854 3348 subrutosd
873 3293 1022 3362 subreptos
1032 3293 1099 3347 ΗΡ
1108 3294 1113 3365 Ι

101 3368 134 3417 18
153 3363 350 3418 existimarunt
367 3364 386 3417 d
413 3362 613 3418 existimabant
631 3365 701 3418 Ded.
723 3367 727 3430 Ι
750 3365 867 3428 sortasse
886 3381 915 3420 se
934 3364 1115 3420 dediderunt:

98 3434 289 3573 pfmpffiss
301 3436 356 3561 lhtt
374 3434 508 3504 longo-
523 3437 649 3504 tempore
668 3451 718 3491 om.
733 3435 778 3490 H¹
793 3437 799 3505 Ι
815 3440 850 3490 20
867 3435 1060 3505 praebiturum
1070 3436 1115 3490 Η1

930 3567 1027 3642 ’θ’
