<?xml version="1.0" encoding="UTF-8"?>
<!DOCTYPE html PUBLIC "-//W3C//DTD XHTML 1.0 Transitional//EN"
    "http://www.w3.org/TR/xhtml1/DTD/xhtml1-transitional.dtd">
<html xmlns="http://www.w3.org/1999/xhtml" xml:lang="en" lang="en">
 <head>
  <title>
</title>
<meta http-equiv="Content-Type" content="text/html;charset=utf-8" />
  <meta name='ocr-system' content='tesseract 3.04.00' />
  <meta name='ocr-capabilities' content='ocr_page ocr_carea ocr_par ocr_line ocrx_word'/>
</head>
<body>
  <div class='ocr_page' id='page_1' title='image "./ivlifrontinistr01gundgoog_0092.png"; bbox 0 0 2468 3832; ppageno 0'>
   <div class='ocr_carea' id='block_1_1' title="bbox 465 132 1126 196">
    <p class='ocr_par' dir='ltr' id='par_1_1' title="bbox 465 132 1126 196">
     <span class='ocr_line' id='line_1_1' title="bbox 465 132 1126 196; baseline 0.011 -7"><span class='ocrx_word' id='word_1_1' title='bbox 465 135 575 189; x_wconf 75' lang='lat' dir='ltr'>niens</span> <span class='ocrx_word' id='word_1_2' title='bbox 592 133 626 190; x_wconf 87' lang='lat' dir='ltr'>Il.</span> <span class='ocrx_word' id='word_1_3' title='bbox 655 133 732 188; x_wconf 83' lang='lat' dir='ltr'>oAP.</span> <span class='ocrx_word' id='word_1_4' title='bbox 753 138 776 189; x_wconf 81' lang='grc' dir='ltr'>ὅ.</span> <span class='ocrx_word' id='word_1_5' title='bbox 1085 132 1126 196; x_wconf 84' lang='grc'>67</span> 
     </span>
    </p>
   </div>
   <div class='ocr_carea' id='block_1_2' title="bbox 33 296 1181 2508">
    <p class='ocr_par' dir='ltr' id='par_1_2' title="bbox 33 296 1181 2508">
     <span class='ocr_line' id='line_1_2' title="bbox 112 296 1127 383; baseline -0.003 -20"><span class='ocrx_word' id='word_1_6' title='bbox 112 297 301 383; x_wconf 80' lang='lat' dir='ltr'>oneratique</span> <span class='ocrx_word' id='word_1_7' title='bbox 327 297 448 381; x_wconf 90' lang='lat' dir='ltr'>pabulo</span> <span class='ocrx_word' id='word_1_8' title='bbox 478 296 517 361; x_wconf 91' lang='lat' dir='ltr'>de</span> <span class='ocrx_word' id='word_1_9' title='bbox 539 297 645 361; x_wconf 91' lang='lat' dir='ltr'>reditu</span> <span class='ocrx_word' id='word_1_10' title='bbox 669 297 852 380; x_wconf 75' lang='lat' dir='ltr'>cogitarent</span> <span class='ocrx_word' id='word_1_11' title='bbox 875 300 908 361; x_wconf 91' lang='lat' dir='ltr'>et</span> <span class='ocrx_word' id='word_1_12' title='bbox 930 296 965 360; x_wconf 94' lang='lat' dir='ltr'>hi</span> <span class='ocrx_word' id='word_1_13' title='bbox 989 318 1127 381; x_wconf 90' lang='lat' dir='ltr'>quoque,</span> 
     </span>
     <span class='ocr_line' id='line_1_3' title="bbox 111 383 1126 473; baseline -0.002 -21"><span class='ocrx_word' id='word_1_14' title='bbox 111 387 167 473; x_wconf 91' lang='lat' dir='ltr'>qui</span> <span class='ocrx_word' id='word_1_15' title='bbox 194 386 230 451; x_wconf 92' lang='lat' dir='ltr'>in</span> <span class='ocrx_word' id='word_1_16' title='bbox 258 385 398 451; x_wconf 91' lang='lat' dir='ltr'>statione</span> <span class='ocrx_word' id='word_1_17' title='bbox 430 385 573 468; x_wconf 88' lang='lat' dir='ltr'>fuerant,</span> <span class='ocrx_word' id='word_1_18' title='bbox 606 385 713 470; x_wconf 93' lang='lat' dir='ltr'>quiete</span> <span class='ocrx_word' id='word_1_19' title='bbox 744 383 875 449; x_wconf 90' lang='lat' dir='ltr'>inuitati</span> <span class='ocrx_word' id='word_1_20' title='bbox 903 385 943 448; x_wconf 93' lang='lat' dir='ltr'>ad</span> <span class='ocrx_word' id='word_1_21' title='bbox 971 385 1126 468; x_wconf 87' lang='lat' dir='ltr'>pabulum</span> 
     </span>
     <span class='ocr_line' id='line_1_4' title="bbox 111 473 1126 560; baseline -0.003 -19"><span class='ocrx_word' id='word_1_22' title='bbox 111 474 340 560; x_wconf 77' lang='lat' dir='ltr'>conligendum</span> <span class='ocrx_word' id='word_1_23' title='bbox 355 473 585 558; x_wconf 79' lang='lat' dir='ltr'>dilaberentur,</span> <span class='ocrx_word' id='word_1_24' title='bbox 603 473 713 539; x_wconf 85' lang='lat' dir='ltr'>emissi</span> <span class='ocrx_word' id='word_1_25' title='bbox 727 474 868 558; x_wconf 92' lang='lat' dir='ltr'>primum</span> <span class='ocrx_word' id='word_1_26' title='bbox 882 473 1021 556; x_wconf 83' lang='lat' dir='ltr'>Hispani</span> <span class='ocrx_word' id='word_1_27' title='bbox 1040 475 1126 538; x_wconf 88' lang='lat' dir='ltr'>uelo-</span> 
     </span>
     <span class='ocr_line' id='line_1_5' title="bbox 111 563 1127 646; baseline 0 -18"><span class='ocrx_word' id='word_1_28' title='bbox 111 564 211 628; x_wconf 89' lang='lat' dir='ltr'>citate</span> <span class='ocrx_word' id='word_1_29' title='bbox 235 563 351 646; x_wconf 81' lang='lat' dir='ltr'>gentili</span> <span class='ocrx_word' id='word_1_30' title='bbox 374 563 410 626; x_wconf 92' lang='lat' dir='ltr'>in</span> <span class='ocrx_word' id='word_1_31' title='bbox 432 564 581 646; x_wconf 89' lang='lat' dir='ltr'>palantes</span> <span class='ocrx_word' id='word_1_32' title='bbox 606 563 813 628; x_wconf 88' lang='lat' dir='ltr'>effunduntur</span> <span class='ocrx_word' id='word_1_33' title='bbox 836 565 869 625; x_wconf 94' lang='lat' dir='ltr'>et</span> <span class='ocrx_word' id='word_1_34' title='bbox 892 563 1127 628; x_wconf 88' lang='lat' dir='ltr'>conuulnerant</span> 
     </span>
     <span class='ocr_line' id='line_1_6' title="bbox 111 649 1163 736; baseline 0 -20"><span class='ocrx_word' id='word_1_35' title='bbox 111 651 376 735; x_wconf 88' lang='lat' dir='ltr'>confunduntque</span> <span class='ocrx_word' id='word_1_36' title='bbox 408 651 491 716; x_wconf 91' lang='lat' dir='ltr'>nihil</span> <span class='ocrx_word' id='word_1_37' title='bbox 521 652 588 716; x_wconf 91' lang='lat' dir='ltr'>tale</span> <span class='ocrx_word' id='word_1_38' title='bbox 619 655 858 736; x_wconf 76' lang='lat' dir='ltr'>exspectantes,</span> <span class='ocrx_word' id='word_1_39' title='bbox 888 651 978 734; x_wconf 91' lang='lat' dir='ltr'>prius</span> <span class='ocrx_word' id='word_1_40' title='bbox 1011 649 1163 716; x_wconf 75' lang='lat' dir='ltr'>deindet</span> 
     </span>
     <span class='ocr_line' id='line_1_7' title="bbox 111 738 1127 825; baseline -0.003 -20"><span class='ocrx_word' id='word_1_41' title='bbox 111 763 209 825; x_wconf 91' lang='lat' dir='ltr'>quam</span> <span class='ocrx_word' id='word_1_42' title='bbox 236 738 345 804; x_wconf 88' lang='lat' dir='ltr'>resisti</span> <span class='ocrx_word' id='word_1_43' title='bbox 372 740 424 805; x_wconf 90' lang='lat' dir='ltr'>his</span> <span class='ocrx_word' id='word_1_44' title='bbox 450 740 621 824; x_wconf 81' lang='lat' dir='ltr'>inciperet,</span> <span class='ocrx_word' id='word_1_45' title='bbox 651 741 771 805; x_wconf 91' lang='lat' dir='ltr'>scutati</span> <span class='ocrx_word' id='word_1_46' title='bbox 803 742 977 822; x_wconf 89' lang='lat' dir='ltr'>erumpunt</span> <span class='ocrx_word' id='word_1_47' title='bbox 1000 761 1017 803; x_wconf 94' lang='lat' dir='ltr'>e</span> <span class='ocrx_word' id='word_1_48' title='bbox 1041 739 1127 803; x_wconf 90' lang='lat' dir='ltr'>saltu</span> 
     </span>
     <span class='ocr_line' id='line_1_8' title="bbox 112 829 1128 913; baseline -0.003 -19"><span class='ocrx_word' id='word_1_49' title='bbox 112 834 144 894; x_wconf 94' lang='lat' dir='ltr'>et</span> <span class='ocrx_word' id='word_1_50' title='bbox 180 829 350 894; x_wconf 85' lang='lat' dir='ltr'>redeuntes</span> <span class='ocrx_word' id='word_1_51' title='bbox 387 830 422 893; x_wconf 93' lang='lat' dir='ltr'>in</span> <span class='ocrx_word' id='word_1_52' title='bbox 459 829 605 895; x_wconf 90' lang='lat' dir='ltr'>ordinem</span> <span class='ocrx_word' id='word_1_53' title='bbox 646 831 858 894; x_wconf 88' lang='lat' dir='ltr'>consternant</span> <span class='ocrx_word' id='word_1_54' title='bbox 898 831 1128 913; x_wconf 89' lang='lat' dir='ltr'>auertuntque:</span> 
     </span>
     <span class='ocr_line' id='line_1_9' title="bbox 33 915 1128 1002; baseline -0.003 -20"><span class='ocrx_word' id='word_1_55' title='bbox 33 965 36 970; x_wconf 85' lang='lat'>-</span> <span class='ocrx_word' id='word_1_56' title='bbox 110 917 311 1002; x_wconf 89' lang='lat' dir='ltr'>fugientibus</span> <span class='ocrx_word' id='word_1_57' title='bbox 335 917 461 1002; x_wconf 88' lang='lat' dir='ltr'>equites</span> <span class='ocrx_word' id='word_1_58' title='bbox 484 919 613 983; x_wconf 90' lang='lat' dir='ltr'>inmissi</span> <span class='ocrx_word' id='word_1_59' title='bbox 635 921 708 983; x_wconf 93' lang='lat' dir='ltr'>toto</span> <span class='ocrx_word' id='word_1_60' title='bbox 732 939 788 984; x_wconf 91' lang='lat' dir='ltr'>eos</span> <span class='ocrx_word' id='word_1_61' title='bbox 812 918 935 1002; x_wconf 88' lang='lat' dir='ltr'>spatio,</span> <span class='ocrx_word' id='word_1_62' title='bbox 959 937 1022 1002; x_wconf 94' lang='lat' dir='ltr'>quo</span> <span class='ocrx_word' id='word_1_63' title='bbox 1045 915 1128 980; x_wconf 91' lang='lat' dir='ltr'>redi·</span> 
     </span>
     <span class='ocr_line' id='line_1_10' title="bbox 110 1006 1126 1091; baseline -0.003 -20"><span class='ocrx_word' id='word_1_64' title='bbox 110 1007 208 1071; x_wconf 91' lang='lat' dir='ltr'>batur</span> <span class='ocrx_word' id='word_1_65' title='bbox 230 1007 265 1071; x_wconf 90' lang='lat' dir='ltr'>in</span> <span class='ocrx_word' id='word_1_66' title='bbox 288 1009 411 1090; x_wconf 89' lang='lat' dir='ltr'>castra,</span> <span class='ocrx_word' id='word_1_67' title='bbox 445 1006 605 1091; x_wconf 88' lang='lat' dir='ltr'>persecuti</span> <span class='ocrx_word' id='word_1_68' title='bbox 629 1006 776 1071; x_wconf 92' lang='lat' dir='ltr'>caedunt.</span> <span class='ocrx_word' id='word_1_69' title='bbox 813 1009 960 1070; x_wconf 89' lang='lat' dir='ltr'>curatum</span> <span class='ocrx_word' id='word_1_70' title='bbox 989 1026 1126 1090; x_wconf 91' lang='lat' dir='ltr'>quoque,</span> 
     </span>
     <span class='ocr_line' id='line_1_11' title="bbox 110 1093 1181 1269; baseline 0 -22"><span class='ocrx_word' id='word_1_71' title='bbox 110 1093 1181 1269; x_wconf 42' lang='lat' dir='ltr'>irsuuuuuiuiureuirescere10</span> 
     </span>
     <span class='ocr_line' id='line_1_12' title="bbox 1001 1234 1010 1267; baseline 0 0"><span class='ocrx_word' id='word_1_72' title='bbox 1001 1234 1010 1267; x_wconf 76' lang='lat'><em>7</em></span> 
     </span>
     <span class='ocr_line' id='line_1_13' title="bbox 113 1270 1127 1357; baseline 0 -22"><span class='ocrx_word' id='word_1_73' title='bbox 113 1294 208 1357; x_wconf 91' lang='lat' dir='ltr'>quam</span> <span class='ocrx_word' id='word_1_74' title='bbox 232 1270 273 1336; x_wconf 92' lang='lat' dir='ltr'>ad</span> <span class='ocrx_word' id='word_1_75' title='bbox 296 1275 403 1336; x_wconf 89' lang='lat' dir='ltr'>castra</span> <span class='ocrx_word' id='word_1_76' title='bbox 426 1271 560 1356; x_wconf 90' lang='lat' dir='ltr'>Pompei</span> <span class='ocrx_word' id='word_1_77' title='bbox 583 1271 823 1356; x_wconf 89' lang='lat' dir='ltr'>perueniretur,</span> <span class='ocrx_word' id='word_1_78' title='bbox 845 1272 994 1336; x_wconf 91' lang='lat' dir='ltr'>conuersi</span> <span class='ocrx_word' id='word_1_79' title='bbox 1018 1292 1127 1336; x_wconf 91' lang='lat' dir='ltr'>occur·</span> 
     </span>
     <span class='ocr_line' id='line_1_14' title="bbox 111 1354 1128 1445; baseline 0 -21"><span class='ocrx_word' id='word_1_80' title='bbox 111 1354 224 1426; x_wconf 86' lang='lat' dir='ltr'>rerunt</span> <span class='ocrx_word' id='word_1_81' title='bbox 246 1361 307 1443; x_wconf 90' lang='lat' dir='ltr'>eis,</span> <span class='ocrx_word' id='word_1_82' title='bbox 335 1361 390 1444; x_wconf 91' lang='lat' dir='ltr'>qui</span> <span class='ocrx_word' id='word_1_83' title='bbox 417 1361 517 1445; x_wconf 91' lang='lat' dir='ltr'>primi</span> <span class='ocrx_word' id='word_1_84' title='bbox 540 1361 702 1445; x_wconf 84' lang='lat' dir='ltr'>fugerant.</span> <span class='ocrx_word' id='word_1_85' title='bbox 748 1361 788 1425; x_wconf 91' lang='lat' dir='ltr'>ad</span> <span class='ocrx_word' id='word_1_86' title='bbox 812 1360 901 1425; x_wconf 90' lang='lat' dir='ltr'>cuius</span> <span class='ocrx_word' id='word_1_87' title='bbox 925 1360 973 1424; x_wconf 93' lang='lat' dir='ltr'>rei</span> <span class='ocrx_word' id='word_1_88' title='bbox 997 1381 1128 1425; x_wconf 88' lang='lat' dir='ltr'>sensum</span> 
     </span>
     <span class='ocr_line' id='line_1_15' title="bbox 110 1448 1127 1534; baseline 0 -21"><span class='ocrx_word' id='word_1_89' title='bbox 110 1448 266 1533; x_wconf 91' lang='lat' dir='ltr'>Pompeio</span> <span class='ocrx_word' id='word_1_90' title='bbox 291 1451 460 1515; x_wconf 88' lang='lat' dir='ltr'>emittente</span> <span class='ocrx_word' id='word_1_91' title='bbox 484 1449 645 1534; x_wconf 90' lang='lat' dir='ltr'>legionem</span> <span class='ocrx_word' id='word_1_92' title='bbox 674 1472 748 1515; x_wconf 92' lang='lat' dir='ltr'>cum</span> <span class='ocrx_word' id='word_1_93' title='bbox 775 1448 815 1515; x_wconf 94' lang='lat' dir='ltr'>D.</span> <span class='ocrx_word' id='word_1_94' title='bbox 839 1449 949 1514; x_wconf 90' lang='lat' dir='ltr'>Laelio</span> <span class='ocrx_word' id='word_1_95' title='bbox 974 1449 1009 1514; x_wconf 90' lang='lat' dir='ltr'>in</span> <span class='ocrx_word' id='word_1_96' title='bbox 1036 1471 1127 1534; x_wconf 92' lang='lat' dir='ltr'>prae-</span> 
     </span>
     <span class='ocr_line' id='line_1_16' title="bbox 111 1537 1180 1623; baseline 0.003 -21"><span class='ocrx_word' id='word_1_97' title='bbox 111 1537 229 1603; x_wconf 87' lang='lat' dir='ltr'>sidium</span> <span class='ocrx_word' id='word_1_98' title='bbox 254 1559 395 1623; x_wconf 91' lang='lat' dir='ltr'>suorum,</span> <span class='ocrx_word' id='word_1_99' title='bbox 414 1538 563 1604; x_wconf 89' lang='lat' dir='ltr'>subducti</span> <span class='ocrx_word' id='word_1_100' title='bbox 590 1539 626 1604; x_wconf 90' lang='lat' dir='ltr'>in</span> <span class='ocrx_word' id='word_1_101' title='bbox 653 1539 802 1605; x_wconf 90' lang='lat' dir='ltr'>dextrum</span> <span class='ocrx_word' id='word_1_102' title='bbox 829 1539 915 1603; x_wconf 87' lang='lat' dir='ltr'>latus</span> <span class='ocrx_word' id='word_1_103' title='bbox 944 1539 1033 1603; x_wconf 92' lang='lat' dir='ltr'>uelut</span> <span class='ocrx_word' id='word_1_104' title='bbox 1060 1554 1180 1605; x_wconf 81' lang='lat' dir='ltr'>ces-15</span> 
     </span>
     <span class='ocr_line' id='line_1_17' title="bbox 110 1624 1126 1712; baseline 0 -21"><span class='ocrx_word' id='word_1_105' title='bbox 110 1629 222 1692; x_wconf 89' lang='lat' dir='ltr'>serunt</span> <span class='ocrx_word' id='word_1_106' title='bbox 241 1624 379 1711; x_wconf 87' lang='lat' dir='ltr'>equites,</span> <span class='ocrx_word' id='word_1_107' title='bbox 403 1627 517 1692; x_wconf 90' lang='lat' dir='ltr'>deinde</span> <span class='ocrx_word' id='word_1_108' title='bbox 540 1628 710 1693; x_wconf 92' lang='lat' dir='ltr'>circumita</span> <span class='ocrx_word' id='word_1_109' title='bbox 735 1629 862 1712; x_wconf 91' lang='lat' dir='ltr'>legione</span> <span class='ocrx_word' id='word_1_110' title='bbox 890 1627 975 1691; x_wconf 90' lang='lat' dir='ltr'>hanc</span> <span class='ocrx_word' id='word_1_111' title='bbox 999 1648 1126 1712; x_wconf 90' lang='lat' dir='ltr'>quoque</span> 
     </span>
     <span class='ocr_line' id='line_1_18' title="bbox 110 1713 1127 1800; baseline -0.001 -20"><span class='ocrx_word' id='word_1_112' title='bbox 110 1713 172 1799; x_wconf 87' lang='lat' dir='ltr'>&lt;a&gt;</span> <span class='ocrx_word' id='word_1_113' title='bbox 190 1720 286 1798; x_wconf 92' lang='lat' dir='ltr'>tergo</span> <span class='ocrx_word' id='word_1_114' title='bbox 309 1714 556 1798; x_wconf 87' lang='lat' dir='ltr'>infestauerunt‚</span> <span class='ocrx_word' id='word_1_115' title='bbox 575 1737 648 1780; x_wconf 93' lang='lat' dir='ltr'>cum</span> <span class='ocrx_word' id='word_1_116' title='bbox 667 1716 733 1781; x_wconf 93' lang='lat' dir='ltr'>iam</span> <span class='ocrx_word' id='word_1_117' title='bbox 749 1719 781 1780; x_wconf 90' lang='lat' dir='ltr'>et</span> <span class='ocrx_word' id='word_1_118' title='bbox 796 1738 816 1779; x_wconf 88' lang='lat' dir='ltr'>a</span> <span class='ocrx_word' id='word_1_119' title='bbox 833 1716 941 1779; x_wconf 87' lang='lat' dir='ltr'>fronte</span> <span class='ocrx_word' id='word_1_120' title='bbox 957 1715 1012 1799; x_wconf 93' lang='lat' dir='ltr'>qui</span> <span class='ocrx_word' id='word_1_121' title='bbox 1026 1716 1127 1800; x_wconf 91' lang='lat' dir='ltr'>pabu-</span> 
     </span>
     <span class='ocr_line' id='line_1_19' title="bbox 110 1803 1128 1887; baseline -0.001 -20"><span class='ocrx_word' id='word_1_122' title='bbox 110 1804 233 1869; x_wconf 84' lang='lat' dir='ltr'>latores</span> <span class='ocrx_word' id='word_1_123' title='bbox 243 1804 403 1887; x_wconf 88' lang='lat' dir='ltr'>persecuti</span> <span class='ocrx_word' id='word_1_124' title='bbox 414 1806 508 1868; x_wconf 91' lang='lat' dir='ltr'>erant</span> <span class='ocrx_word' id='word_1_125' title='bbox 517 1803 733 1868; x_wconf 86' lang='lat' dir='ltr'>incursarent:</span> <span class='ocrx_word' id='word_1_126' title='bbox 748 1803 795 1868; x_wconf 90' lang='lat' dir='ltr'>sic</span> <span class='ocrx_word' id='word_1_127' title='bbox 806 1803 893 1887; x_wconf 84' lang='lat' dir='ltr'>legio</span> <span class='ocrx_word' id='word_1_128' title='bbox 905 1824 1032 1887; x_wconf 90' lang='lat' dir='ltr'>quoque</span> <span class='ocrx_word' id='word_1_129' title='bbox 1042 1804 1128 1868; x_wconf 88' lang='lat' dir='ltr'>inter</span> 
     </span>
     <span class='ocr_line' id='line_1_20' title="bbox 111 1890 1127 1976; baseline -0.003 -20"><span class='ocrx_word' id='word_1_130' title='bbox 111 1890 190 1956; x_wconf 89' lang='lat' dir='ltr'>duas</span> <span class='ocrx_word' id='word_1_131' title='bbox 210 1892 295 1956; x_wconf 90' lang='lat' dir='ltr'>acies</span> <span class='ocrx_word' id='word_1_132' title='bbox 313 1891 457 1956; x_wconf 91' lang='lat' dir='ltr'>hostium</span> <span class='ocrx_word' id='word_1_133' title='bbox 477 1913 551 1956; x_wconf 92' lang='lat' dir='ltr'>cum</span> <span class='ocrx_word' id='word_1_134' title='bbox 573 1892 682 1976; x_wconf 84' lang='lat' dir='ltr'>legato</span> <span class='ocrx_word' id='word_1_135' title='bbox 702 1914 760 1957; x_wconf 91' lang='lat' dir='ltr'>suo</span> <span class='ocrx_word' id='word_1_136' title='bbox 780 1891 859 1956; x_wconf 87' lang='lat' dir='ltr'>elisa</span> <span class='ocrx_word' id='word_1_137' title='bbox 877 1894 936 1955; x_wconf 90' lang='lat' dir='ltr'>est.</span> <span class='ocrx_word' id='word_1_138' title='bbox 973 1891 1013 1955; x_wconf 91' lang='lat' dir='ltr'>ad</span> <span class='ocrx_word' id='word_1_139' title='bbox 1037 1891 1127 1956; x_wconf 89' lang='lat' dir='ltr'>cuius</span> 
     </span>
     <span class='ocr_line' id='line_1_21' title="bbox 110 1977 1180 2064; baseline 0.005 -21"><span class='ocrx_word' id='word_1_140' title='bbox 110 1978 310 2062; x_wconf 89' lang='lat' dir='ltr'>praesidium</span> <span class='ocrx_word' id='word_1_141' title='bbox 337 1978 492 2064; x_wconf 92' lang='lat' dir='ltr'>Pompeio</span> <span class='ocrx_word' id='word_1_142' title='bbox 519 1983 627 2045; x_wconf 91' lang='lat' dir='ltr'>totum</span> <span class='ocrx_word' id='word_1_143' title='bbox 655 1980 808 2046; x_wconf 91' lang='lat' dir='ltr'>educente</span> <span class='ocrx_word' id='word_1_144' title='bbox 836 1979 1024 2063; x_wconf 89' lang='lat' dir='ltr'>exercitum,</span> <span class='ocrx_word' id='word_1_145' title='bbox 1055 1977 1126 2044; x_wconf 80' lang='lat' dir='ltr'>Ser·</span> <span class='ocrx_word' id='word_1_146' title='bbox 1145 1997 1180 2048; x_wconf 79' lang='lat'>2⁰</span> 
     </span>
     <span class='ocr_line' id='line_1_22' title="bbox 110 2067 1127 2151; baseline 0.002 -21"><span class='ocrx_word' id='word_1_147' title='bbox 110 2067 215 2132; x_wconf 90' lang='lat' dir='ltr'>torius</span> <span class='ocrx_word' id='word_1_148' title='bbox 257 2088 384 2151; x_wconf 90' lang='lat' dir='ltr'>quoque</span> <span class='ocrx_word' id='word_1_149' title='bbox 422 2089 439 2132; x_wconf 93' lang='lat' dir='ltr'>e</span> <span class='ocrx_word' id='word_1_150' title='bbox 476 2068 613 2134; x_wconf 91' lang='lat' dir='ltr'>collibus</span> <span class='ocrx_word' id='word_1_151' title='bbox 656 2090 731 2135; x_wconf 87' lang='lat' dir='ltr'>suos</span> <span class='ocrx_word' id='word_1_152' title='bbox 770 2070 946 2134; x_wconf 88' lang='lat' dir='ltr'>instructos</span> <span class='ocrx_word' id='word_1_153' title='bbox 984 2068 1127 2133; x_wconf 90' lang='lat' dir='ltr'>ostendit</span> 
     </span>
     <span class='ocr_line' id='line_1_23' title="bbox 112 2156 1128 2242; baseline 0.002 -23"><span class='ocrx_word' id='word_1_154' title='bbox 112 2157 292 2240; x_wconf 87' lang='lat' dir='ltr'>effecitque,</span> <span class='ocrx_word' id='word_1_155' title='bbox 320 2176 361 2221; x_wconf 90' lang='lat' dir='ltr'>ne</span> <span class='ocrx_word' id='word_1_156' title='bbox 384 2156 539 2241; x_wconf 90' lang='lat' dir='ltr'>Pompeio</span> <span class='ocrx_word' id='word_1_157' title='bbox 568 2157 749 2241; x_wconf 83' lang='lat' dir='ltr'>expediret:</span> <span class='ocrx_word' id='word_1_158' title='bbox 776 2159 824 2223; x_wconf 92' lang='lat' dir='ltr'>ita</span> <span class='ocrx_word' id='word_1_159' title='bbox 852 2160 981 2242; x_wconf 90' lang='lat' dir='ltr'>praeter</span> <span class='ocrx_word' id='word_1_160' title='bbox 1010 2158 1128 2242; x_wconf 85' lang='lat' dir='ltr'>duplex</span> 
     </span>
     <span class='ocr_line' id='line_1_24' title="bbox 111 2245 1127 2332; baseline 0.001 -23"><span class='ocrx_word' id='word_1_161' title='bbox 111 2245 275 2327; x_wconf 87' lang='lat' dir='ltr'>damnum,</span> <span class='ocrx_word' id='word_1_162' title='bbox 294 2245 406 2311; x_wconf 87' lang='lat' dir='ltr'>eadem</span> <span class='ocrx_word' id='word_1_163' title='bbox 427 2247 574 2312; x_wconf 90' lang='lat' dir='ltr'>sollertia</span> <span class='ocrx_word' id='word_1_164' title='bbox 591 2248 743 2332; x_wconf 85' lang='lat' dir='ltr'>inlatum,</span> <span class='ocrx_word' id='word_1_165' title='bbox 762 2250 978 2331; x_wconf 85' lang='lat' dir='ltr'>spectatorem</span> <span class='ocrx_word' id='word_1_166' title='bbox 1000 2267 1127 2332; x_wconf 91' lang='lat' dir='ltr'>quoque</span> 
     </span>
     <span class='ocr_line' id='line_1_25' title="bbox 110 2333 1127 2421; baseline 0.002 -24"><span class='ocrx_word' id='word_1_167' title='bbox 110 2355 183 2398; x_wconf 93' lang='lat' dir='ltr'>eum</span> <span class='ocrx_word' id='word_1_168' title='bbox 208 2333 308 2398; x_wconf 89' lang='lat' dir='ltr'>cladis</span> <span class='ocrx_word' id='word_1_169' title='bbox 338 2356 471 2400; x_wconf 88' lang='lat' dir='ltr'>suorum</span> <span class='ocrx_word' id='word_1_170' title='bbox 501 2336 671 2402; x_wconf 86' lang='lat' dir='ltr'>continuit.</span> <span class='ocrx_word' id='word_1_171' title='bbox 716 2337 778 2402; x_wconf 91' lang='lat' dir='ltr'>hoc</span> <span class='ocrx_word' id='word_1_172' title='bbox 801 2337 943 2419; x_wconf 91' lang='lat' dir='ltr'>primum</span> <span class='ocrx_word' id='word_1_173' title='bbox 966 2336 1127 2421; x_wconf 89' lang='lat' dir='ltr'>proelium</span> 
     </span>
     <span class='ocr_line' id='line_1_26' title="bbox 109 2420 1179 2508; baseline 0.004 -22"><span class='ocrx_word' id='word_1_174' title='bbox 109 2422 194 2487; x_wconf 89' lang='lat' dir='ltr'>iuter</span> <span class='ocrx_word' id='word_1_175' title='bbox 218 2420 397 2488; x_wconf 80' lang='lat' dir='ltr'>Sertorium</span> <span class='ocrx_word' id='word_1_176' title='bbox 421 2427 455 2488; x_wconf 94' lang='lat' dir='ltr'>et</span> <span class='ocrx_word' id='word_1_177' title='bbox 477 2423 667 2508; x_wconf 91' lang='lat' dir='ltr'>Pompeium</span> <span class='ocrx_word' id='word_1_178' title='bbox 690 2424 766 2489; x_wconf 82' lang='lat' dir='ltr'>fuit:</span> <span class='ocrx_word' id='word_1_179' title='bbox 789 2424 820 2489; x_wconf 92' lang='lat' dir='ltr'>X</span> <span class='ocrx_word' id='word_1_180' title='bbox 842 2424 934 2489; x_wconf 90' lang='lat' dir='ltr'>milia</span> <span class='ocrx_word' id='word_1_181' title='bbox 956 2423 1179 2490; x_wconf 69' lang='lat' dir='ltr'>hominumue</span> 
     </span>
    </p>
   </div>
   <div class='ocr_carea' id='block_1_3' title="bbox 109 2546 323 2557">
    <p class='ocr_par' dir='ltr' id='par_1_3' title="bbox 109 2546 323 2557">
     <span class='ocr_line' id='line_1_27' title="bbox 109 2546 323 2557; baseline 0 -2"><span class='ocrx_word' id='word_1_182' title='bbox 109 2546 323 2557; x_wconf 76' lang='lat'>——-——</span> 
     </span>
    </p>
   </div>
   <div class='ocr_carea' id='block_1_4' title="bbox 108 2593 1127 2809">
    <p class='ocr_par' dir='ltr' id='par_1_4' title="bbox 108 2593 1127 2809">
     <span class='ocr_line' id='line_1_28' title="bbox 182 2593 1125 2670; baseline 0.003 -21"><span class='ocrx_word' id='word_1_183' title='bbox 182 2602 196 2649; x_wconf 96' lang='lat'>1</span> <span class='ocrx_word' id='word_1_184' title='bbox 215 2594 258 2648; x_wconf 89' lang='lat' dir='ltr'>hii</span> <span class='ocrx_word' id='word_1_185' title='bbox 275 2593 309 2648; x_wconf 89' lang='lat' dir='ltr'><strong><em>H</em></strong></span> <span class='ocrx_word' id='word_1_186' title='bbox 323 2598 328 2664; x_wconf 93' lang='grc'>1</span> <span class='ocrx_word' id='word_1_187' title='bbox 343 2602 359 2650; x_wconf 97' lang='grc'><strong>2</strong></span> <span class='ocrx_word' id='word_1_188' title='bbox 374 2596 558 2651; x_wconf 89' lang='lat' dir='ltr'>instructione</span> <span class='ocrx_word' id='word_1_189' title='bbox 572 2596 608 2650; x_wconf 97' lang='lat' dir='ltr'><strong><em>H</em></strong></span> <span class='ocrx_word' id='word_1_190' title='bbox 619 2598 624 2663; x_wconf 92' lang='grc'>1</span> <span class='ocrx_word' id='word_1_191' title='bbox 640 2597 794 2668; x_wconf 84' lang='lat' dir='ltr'>4palantis</span> <span class='ocrx_word' id='word_1_192' title='bbox 815 2596 843 2649; x_wconf 96' lang='lat' dir='ltr'><strong><em>P</em></strong></span> <span class='ocrx_word' id='word_1_193' title='bbox 857 2599 863 2665; x_wconf 98' lang='grc'>1</span> <span class='ocrx_word' id='word_1_194' title='bbox 879 2601 894 2651; x_wconf 81' lang='lat'><strong>5</strong></span> <span class='ocrx_word' id='word_1_195' title='bbox 913 2597 983 2668; x_wconf 89' lang='lat' dir='ltr'>tale]</span> <span class='ocrx_word' id='word_1_196' title='bbox 1004 2599 1064 2651; x_wconf 89' lang='lat' dir='ltr'>tam</span> <span class='ocrx_word' id='word_1_197' title='bbox 1074 2598 1109 2652; x_wconf 91' lang='lat' dir='ltr'><strong><em>H</em></strong></span> <span class='ocrx_word' id='word_1_198' title='bbox 1122 2598 1125 2670; x_wconf 91' lang='grc'>1</span> 
     </span>
     <span class='ocr_line' id='line_1_29' title="bbox 110 2666 1127 2736; baseline 0.002 -16"><span class='ocrx_word' id='word_1_199' title='bbox 110 2672 126 2720; x_wconf 85' lang='grc'>6</span> <span class='ocrx_word' id='word_1_200' title='bbox 145 2666 316 2734; x_wconf 85' lang='lat' dir='ltr'>inciperetur</span> <span class='ocrx_word' id='word_1_201' title='bbox 330 2668 349 2721; x_wconf 88' lang='lat' dir='ltr'>d</span> <span class='ocrx_word' id='word_1_202' title='bbox 365 2669 370 2734; x_wconf 91' lang='grc'>1</span> <span class='ocrx_word' id='word_1_203' title='bbox 386 2667 564 2736; x_wconf 86' lang='lat' dir='ltr'>erumpentes</span> <span class='ocrx_word' id='word_1_204' title='bbox 583 2667 658 2722; x_wconf 88' lang='lat' dir='ltr'>saltu</span> <span class='ocrx_word' id='word_1_205' title='bbox 672 2667 708 2721; x_wconf 92' lang='lat' dir='ltr'><strong><em>H</em></strong></span> <span class='ocrx_word' id='word_1_206' title='bbox 725 2671 729 2734; x_wconf 93' lang='grc'>1</span> <span class='ocrx_word' id='word_1_207' title='bbox 751 2674 765 2722; x_wconf 79' lang='lat' dir='ltr'>&#39;l</span> <span class='ocrx_word' id='word_1_208' title='bbox 785 2666 927 2721; x_wconf 90' lang='lat' dir='ltr'>redeuntis</span> <span class='ocrx_word' id='word_1_209' title='bbox 941 2667 986 2735; x_wconf 82' lang='lat' dir='ltr'>P}</span> <span class='ocrx_word' id='word_1_210' title='bbox 1004 2671 1127 2724; x_wconf 87' lang='lat' dir='ltr'>conster-</span> 
     </span>
     <span class='ocr_line' id='line_1_30' title="bbox 108 2736 1127 2809; baseline 0.002 -18"><span class='ocrx_word' id='word_1_211' title='bbox 108 2738 212 2794; x_wconf 85' lang='lat' dir='ltr'>nuntd</span> <span class='ocrx_word' id='word_1_212' title='bbox 227 2736 232 2809; x_wconf 92' lang='grc'>1</span> <span class='ocrx_word' id='word_1_213' title='bbox 248 2739 417 2806; x_wconf 88' lang='lat' dir='ltr'>uertuntque</span> <span class='ocrx_word' id='word_1_214' title='bbox 429 2737 457 2792; x_wconf 94' lang='lat' dir='ltr'><strong><em>P</em></strong></span> <span class='ocrx_word' id='word_1_215' title='bbox 475 2741 513 2805; x_wconf 90' lang='grc'>18</span> <span class='ocrx_word' id='word_1_216' title='bbox 533 2754 566 2793; x_wconf 90' lang='lat' dir='ltr'>eo</span> <span class='ocrx_word' id='word_1_217' title='bbox 586 2738 619 2791; x_wconf 92' lang='lat' dir='ltr'><strong><em>H</em></strong></span> <span class='ocrx_word' id='word_1_218' title='bbox 632 2740 637 2807; x_wconf 92' lang='grc'>1</span> <span class='ocrx_word' id='word_1_219' title='bbox 652 2737 813 2793; x_wconf 88' lang='lat' dir='ltr'>rediebatur</span> <span class='ocrx_word' id='word_1_220' title='bbox 823 2737 891 2805; x_wconf 88' lang='grc' dir='ltr'>ΗΡ,</span> <span class='ocrx_word' id='word_1_221' title='bbox 911 2741 1011 2794; x_wconf 82' lang='lat' dir='ltr'>corr.d</span> <span class='ocrx_word' id='word_1_222' title='bbox 1025 2743 1030 2809; x_wconf 91' lang='grc'>1</span> <span class='ocrx_word' id='word_1_223' title='bbox 1048 2746 1063 2794; x_wconf 88' lang='grc'>9</span> <span class='ocrx_word' id='word_1_224' title='bbox 1084 2756 1127 2795; x_wconf 90' lang='lat' dir='ltr'>ce·</span> 
     </span>
    </p>
   </div>
   <div class='ocr_carea' id='block_1_5' title="bbox 109 2813 1127 2899">
    <p class='ocr_par' dir='ltr' id='par_1_5' title="bbox 109 2813 1127 2899">
     <span class='ocr_line' id='line_1_31' title="bbox 109 2813 1127 2899; baseline 0.003 -18"><span class='ocrx_word' id='word_1_225' title='bbox 109 2827 213 2881; x_wconf 88' lang='lat' dir='ltr'>duntur</span> <span class='ocrx_word' id='word_1_226' title='bbox 224 2827 259 2882; x_wconf 90' lang='lat' dir='ltr'><strong><em>H</em></strong></span> <span class='ocrx_word' id='word_1_227' title='bbox 272 2830 276 2896; x_wconf 91' lang='grc'>1</span> <span class='ocrx_word' id='word_1_228' title='bbox 293 2843 359 2881; x_wconf 89' lang='lat' dir='ltr'>cura</span> <span class='ocrx_word' id='word_1_229' title='bbox 372 2815 513 2882; x_wconf 33' lang='lat' dir='ltr'>tum&#39;Dcd.</span> <span class='ocrx_word' id='word_1_230' title='bbox 530 2830 534 2894; x_wconf 92' lang='grc'>1</span> <span class='ocrx_word' id='word_1_231' title='bbox 552 2832 585 2880; x_wconf 89' lang='lat'>10</span> <span class='ocrx_word' id='word_1_232' title='bbox 594 2828 673 2899; x_wconf 89' lang='lat' dir='ltr'>nam]</span> <span class='ocrx_word' id='word_1_233' title='bbox 694 2843 750 2882; x_wconf 91' lang='lat' dir='ltr'>non</span> <span class='ocrx_word' id='word_1_234' title='bbox 767 2826 802 2881; x_wconf 90' lang='lat' dir='ltr'><strong><em>H</em></strong></span> <span class='ocrx_word' id='word_1_235' title='bbox 814 2825 901 2898; x_wconf 75' lang='lat' dir='ltr'>1ch</span> <span class='ocrx_word' id='word_1_236' title='bbox 920 2829 980 2884; x_wconf 84' lang='lat' dir='ltr'>cdd.</span> <span class='ocrx_word' id='word_1_237' title='bbox 1002 2813 1076 2885; x_wconf 63' lang='lat' dir='ltr'>don.</span> <span class='ocrx_word' id='word_1_238' title='bbox 1095 2831 1127 2884; x_wconf 77' lang='lat' dir='ltr'>ia</span> 
     </span>
    </p>
   </div>
   <div class='ocr_carea' id='block_1_6' title="bbox 108 2900 1127 3483">
    <p class='ocr_par' dir='ltr' id='par_1_6' title="bbox 108 2900 1127 3483">
     <span class='ocr_line' id='line_1_32' title="bbox 109 2900 1124 2988; baseline 0.001 -17"><span class='ocrx_word' id='word_1_239' title='bbox 109 2916 144 2970; x_wconf 91' lang='lat' dir='ltr'><strong><em>H</em></strong></span> <span class='ocrx_word' id='word_1_240' title='bbox 158 2921 222 2971; x_wconf 79' lang='lat' dir='ltr'>cate</span> <span class='ocrx_word' id='word_1_241' title='bbox 239 2932 295 2971; x_wconf 82' lang='lat' dir='ltr'>rae.</span> <span class='ocrx_word' id='word_1_242' title='bbox 313 2916 399 2982; x_wconf 81' lang='lat' dir='ltr'>faisse</span> <span class='ocrx_word' id='word_1_243' title='bbox 417 2916 535 2986; x_wconf 67' lang='lat' dir='ltr'>uestigio</span> <span class='ocrx_word' id='word_1_244' title='bbox 553 2917 648 2971; x_wconf 81' lang='lat' dir='ltr'>doceat</span> <span class='ocrx_word' id='word_1_245' title='bbox 667 2900 754 2974; x_wconf 62' lang='lat' dir='ltr'>ffOD,</span> <span class='ocrx_word' id='word_1_246' title='bbox 768 2917 786 2970; x_wconf 81' lang='lat' dir='ltr'>t</span> <span class='ocrx_word' id='word_1_247' title='bbox 799 2917 831 2970; x_wconf 79' lang='lat' dir='ltr'>ia</span> <span class='ocrx_word' id='word_1_248' title='bbox 844 2932 900 2971; x_wconf 83' lang='lat' dir='ltr'>ras.</span> <span class='ocrx_word' id='word_1_249' title='bbox 919 2922 944 2972; x_wconf 86' lang='lat' dir='ltr'>et</span> <span class='ocrx_word' id='word_1_250' title='bbox 957 2917 986 2971; x_wconf 91' lang='lat' dir='ltr'><em>P</em></span> <span class='ocrx_word' id='word_1_251' title='bbox 1001 2915 1071 2971; x_wconf 81' lang='lat' dir='ltr'>Dco</span> <span class='ocrx_word' id='word_1_252' title='bbox 1086 2918 1104 2972; x_wconf 85' lang='lat' dir='ltr'>d</span> <span class='ocrx_word' id='word_1_253' title='bbox 1120 2916 1124 2988; x_wconf 93' lang='grc'>1</span> 
     </span>
     <span class='ocr_line' id='line_1_33' title="bbox 110 2986 1127 3059; baseline 0 -19"><span class='ocrx_word' id='word_1_254' title='bbox 110 2993 142 3040; x_wconf 94' lang='grc'>12</span> <span class='ocrx_word' id='word_1_255' title='bbox 162 2986 318 3056; x_wconf 81' lang='lat' dir='ltr'>pompeiit</span> <span class='ocrx_word' id='word_1_256' title='bbox 334 2990 338 3054; x_wconf 93' lang='grc'>1</span> <span class='ocrx_word' id='word_1_257' title='bbox 355 2987 532 3041; x_wconf 89' lang='lat' dir='ltr'>occurrerent</span> <span class='ocrx_word' id='word_1_258' title='bbox 545 2987 579 3040; x_wconf 90' lang='lat' dir='ltr'><strong><em>H</em></strong></span> <span class='ocrx_word' id='word_1_259' title='bbox 582 2986 596 3059; x_wconf 92' lang='grc'>·1</span> <span class='ocrx_word' id='word_1_260' title='bbox 614 2993 648 3041; x_wconf 88' lang='grc'>14</span> <span class='ocrx_word' id='word_1_261' title='bbox 661 2987 776 3056; x_wconf 87' lang='lat' dir='ltr'>pompei</span> <span class='ocrx_word' id='word_1_262' title='bbox 789 2987 833 3040; x_wconf 89' lang='lat' dir='ltr'>H¹</span> <span class='ocrx_word' id='word_1_263' title='bbox 849 2989 854 3055; x_wconf 95' lang='grc'>1</span> <span class='ocrx_word' id='word_1_264' title='bbox 871 2992 904 3041; x_wconf 80' lang='lat'>15</span> <span class='ocrx_word' id='word_1_265' title='bbox 923 2989 1067 3042; x_wconf 85' lang='lat' dir='ltr'>cesserunt</span> <span class='ocrx_word' id='word_1_266' title='bbox 1084 2987 1127 3041; x_wconf 87' lang='lat' dir='ltr'>fu·</span> 
     </span>
     <span class='ocr_line' id='line_1_34' title="bbox 108 3056 1126 3129; baseline 0.001 -17"><span class='ocrx_word' id='word_1_267' title='bbox 108 3058 248 3128; x_wconf 84' lang='lat' dir='ltr'>gientesd</span> <span class='ocrx_word' id='word_1_268' title='bbox 263 3058 267 3129; x_wconf 91' lang='grc'>1</span> <span class='ocrx_word' id='word_1_269' title='bbox 285 3063 317 3111; x_wconf 88' lang='grc'>16</span> <span class='ocrx_word' id='word_1_270' title='bbox 332 3056 481 3112; x_wconf 87' lang='lat' dir='ltr'>circumita</span> <span class='ocrx_word' id='word_1_271' title='bbox 494 3056 605 3126; x_wconf 88' lang='lat' dir='ltr'>legione</span> <span class='ocrx_word' id='word_1_272' title='bbox 619 3059 758 3113; x_wconf 70' lang='lat' dir='ltr'>locatores</span> <span class='ocrx_word' id='word_1_273' title='bbox 771 3059 872 3126; x_wconf 81' lang='lat' dir='ltr'>scripsi</span> <span class='ocrx_word' id='word_1_274' title='bbox 881 3063 1033 3127; x_wconf 76' lang='lat' dir='ltr'>praeeunte</span> <span class='ocrx_word' id='word_1_275' title='bbox 1043 3058 1126 3113; x_wconf 83' lang='lat' dir='ltr'>Zeet·</span> 
     </span>
     <span class='ocr_line' id='line_1_35' title="bbox 108 3128 1125 3199; baseline 0.001 -16"><span class='ocrx_word' id='word_1_276' title='bbox 108 3130 230 3185; x_wconf 58' lang='lat' dir='ltr'>meatem</span> <span class='ocrx_word' id='word_1_277' title='bbox 248 3131 277 3184; x_wconf 89' lang='lat' dir='ltr'>et</span> <span class='ocrx_word' id='word_1_278' title='bbox 296 3146 359 3183; x_wconf 91' lang='lat' dir='ltr'>cum</span> <span class='ocrx_word' id='word_1_279' title='bbox 377 3128 419 3183; x_wconf 91' lang='lat' dir='ltr'>ita</span> <span class='ocrx_word' id='word_1_280' title='bbox 437 3129 548 3199; x_wconf 84' lang='lat' dir='ltr'>legione</span> <span class='ocrx_word' id='word_1_281' title='bbox 566 3129 721 3199; x_wconf 86' lang='lat' dir='ltr'>(legionem</span> <span class='ocrx_word' id='word_1_282' title='bbox 742 3130 781 3195; x_wconf 89' lang='lat' dir='ltr'>P)</span> <span class='ocrx_word' id='word_1_283' title='bbox 798 3128 833 3182; x_wconf 93' lang='lat' dir='ltr'><strong><em>H</em></strong></span> <span class='ocrx_word' id='word_1_284' title='bbox 836 3129 873 3184; x_wconf 86' lang='lat' dir='ltr'>P:</span> <span class='ocrx_word' id='word_1_285' title='bbox 891 3131 1024 3184; x_wconf 71' lang='lat' dir='ltr'>uideatur</span> <span class='ocrx_word' id='word_1_286' title='bbox 1037 3131 1125 3198; x_wconf 81' lang='lat' dir='ltr'>plara</span> 
     </span>
     <span class='ocr_line' id='line_1_36' title="bbox 109 3197 1125 3267; baseline -0.002 -13"><span class='ocrx_word' id='word_1_287' title='bbox 109 3200 239 3256; x_wconf 74' lang='lat' dir='ltr'>excidisse</span> <span class='ocrx_word' id='word_1_288' title='bbox 263 3203 267 3267; x_wconf 93' lang='grc'>1</span> <span class='ocrx_word' id='word_1_289' title='bbox 292 3204 324 3253; x_wconf 82' lang='grc'>17</span> <span class='ocrx_word' id='word_1_290' title='bbox 344 3216 362 3253; x_wconf 90' lang='lat' dir='ltr'>a</span> <span class='ocrx_word' id='word_1_291' title='bbox 379 3201 483 3255; x_wconf 75' lang='lat' dir='ltr'>odd-d</span> <span class='ocrx_word' id='word_1_292' title='bbox 507 3197 735 3264; x_wconf 78' lang='lat' dir='ltr'>[infestauerunt</span> <span class='ocrx_word' id='word_1_293' title='bbox 755 3199 790 3254; x_wconf 90' lang='lat' dir='ltr'><strong><em>H</em></strong></span> <span class='ocrx_word' id='word_1_294' title='bbox 809 3198 977 3255; x_wconf 86' lang='lat' dir='ltr'>infestarent</span> <span class='ocrx_word' id='word_1_295' title='bbox 998 3200 1026 3252; x_wconf 95' lang='lat' dir='ltr'><strong><em>P</em></strong></span> <span class='ocrx_word' id='word_1_296' title='bbox 1048 3199 1125 3258; x_wconf 90' lang='lat' dir='ltr'>liam</span> 
     </span>
     <span class='ocr_line' id='line_1_37' title="bbox 109 3270 1124 3343; baseline 0.002 -19"><span class='ocrx_word' id='word_1_297' title='bbox 109 3271 195 3325; x_wconf 88' lang='lat' dir='ltr'>etiam</span> <span class='ocrx_word' id='word_1_298' title='bbox 213 3272 233 3326; x_wconf 87' lang='lat' dir='ltr'>d</span> <span class='ocrx_word' id='word_1_299' title='bbox 248 3273 253 3343; x_wconf 94' lang='grc'>1</span> <span class='ocrx_word' id='word_1_300' title='bbox 274 3275 308 3324; x_wconf 89' lang='grc'>22</span> <span class='ocrx_word' id='word_1_301' title='bbox 328 3270 422 3326; x_wconf 88' lang='lat' dir='ltr'>effecit</span> <span class='ocrx_word' id='word_1_302' title='bbox 440 3287 550 3339; x_wconf 90' lang='lat' dir='ltr'>quoque</span> <span class='ocrx_word' id='word_1_303' title='bbox 569 3270 603 3323; x_wconf 91' lang='lat' dir='ltr'><strong><em>H</em></strong></span> <span class='ocrx_word' id='word_1_304' title='bbox 609 3271 643 3339; x_wconf 91' lang='lat' dir='ltr'>P,</span> <span class='ocrx_word' id='word_1_305' title='bbox 658 3287 727 3327; x_wconf 81' lang='lat' dir='ltr'>corr.</span> <span class='ocrx_word' id='word_1_306' title='bbox 743 3273 761 3327; x_wconf 85' lang='lat' dir='ltr'>d</span> <span class='ocrx_word' id='word_1_307' title='bbox 782 3271 785 3343; x_wconf 92' lang='grc'>1</span> <span class='ocrx_word' id='word_1_308' title='bbox 807 3276 870 3326; x_wconf 76' lang='lat' dir='ltr'>aute</span> <span class='ocrx_word' id='word_1_309' title='bbox 889 3271 1032 3341; x_wconf 89' lang='lat' dir='ltr'>expediret</span> <span class='ocrx_word' id='word_1_310' title='bbox 1050 3273 1124 3326; x_wconf 82' lang='lat' dir='ltr'>lacu-</span> 
     </span>
     <span class='ocr_line' id='line_1_38' title="bbox 109 3341 1126 3414; baseline 0.003 -19"><span class='ocrx_word' id='word_1_311' title='bbox 109 3357 175 3397; x_wconf 78' lang='lat' dir='ltr'>nam</span> <span class='ocrx_word' id='word_1_312' title='bbox 192 3358 245 3397; x_wconf 84' lang='lat' dir='ltr'>esse</span> <span class='ocrx_word' id='word_1_313' title='bbox 261 3343 457 3411; x_wconf 76' lang='lat' dir='ltr'>suspicabatur</span> <span class='ocrx_word' id='word_1_314' title='bbox 472 3341 588 3398; x_wconf 63' lang='lat' dir='ltr'>&amp;aidus</span> <span class='ocrx_word' id='word_1_315' title='bbox 605 3342 635 3396; x_wconf 90' lang='lat' dir='ltr'>id</span> <span class='ocrx_word' id='word_1_316' title='bbox 652 3344 835 3412; x_wconf 79' lang='lat' dir='ltr'>supplendam</span> <span class='ocrx_word' id='word_1_317' title='bbox 849 3344 996 3412; x_wconf 80' lang='lat' dir='ltr'>proposcit</span> <span class='ocrx_word' id='word_1_318' title='bbox 1009 3341 1103 3398; x_wconf 86' lang='lat' dir='ltr'>Wasse</span> <span class='ocrx_word' id='word_1_319' title='bbox 1122 3343 1126 3414; x_wconf 94' lang='grc'>1</span> 
     </span>
     <span class='ocr_line' id='line_1_39' title="bbox 110 3413 1125 3483; baseline 0.004 -19"><span class='ocrx_word' id='word_1_320' title='bbox 110 3416 145 3464; x_wconf 84' lang='grc'>24</span> <span class='ocrx_word' id='word_1_321' title='bbox 164 3429 225 3467; x_wconf 90' lang='lat' dir='ltr'>eam</span> <span class='ocrx_word' id='word_1_322' title='bbox 243 3413 278 3466; x_wconf 92' lang='lat' dir='ltr'><strong><em>H</em></strong></span> <span class='ocrx_word' id='word_1_323' title='bbox 297 3417 301 3481; x_wconf 92' lang='grc'>1</span> <span class='ocrx_word' id='word_1_324' title='bbox 317 3414 403 3469; x_wconf 78' lang='lat' dir='ltr'>uerbo</span> <span class='ocrx_word' id='word_1_325' title='bbox 421 3414 475 3469; x_wconf 91' lang='lat' dir='ltr'>hoc</span> <span class='ocrx_word' id='word_1_326' title='bbox 493 3413 613 3483; x_wconf 90' lang='lat' dir='ltr'>primum</span> <span class='ocrx_word' id='word_1_327' title='bbox 633 3443 665 3454; x_wconf 91' lang='lat'><em>-</em></span> <span class='ocrx_word' id='word_1_328' title='bbox 685 3415 783 3469; x_wconf 86' lang='lat' dir='ltr'>auctor</span> <span class='ocrx_word' id='word_1_329' title='bbox 802 3417 844 3468; x_wconf 88' lang='lat' dir='ltr'>est</span> <span class='ocrx_word' id='word_1_330' title='bbox 862 3415 957 3469; x_wconf 79' lang='lat' dir='ltr'>dubito</span> <span class='ocrx_word' id='word_1_331' title='bbox 976 3431 1014 3468; x_wconf 77' lang='lat' dir='ltr'>aa</span> <span class='ocrx_word' id='word_1_332' title='bbox 1033 3415 1125 3469; x_wconf 83' lang='lat' dir='ltr'>alicua</span> 
     </span>
    </p>
   </div>
   <div class='ocr_carea' id='block_1_7' title="bbox 108 3489 989 3634">
    <p class='ocr_par' dir='ltr' id='par_1_7' title="bbox 108 3489 989 3634">
     <span class='ocr_line' id='line_1_40' title="bbox 108 3489 989 3613; baseline 0.003 -59"><span class='ocrx_word' id='word_1_333' title='bbox 108 3501 181 3554; x_wconf 80' lang='lat' dir='ltr'>siat:</span> <span class='ocrx_word' id='word_1_334' title='bbox 199 3501 235 3568; x_wconf 69' lang='lat' dir='ltr'>cf.</span> <span class='ocrx_word' id='word_1_335' title='bbox 252 3502 341 3571; x_wconf 69' lang='lat' dir='ltr'>praef.</span> <span class='ocrx_word' id='word_1_336' title='bbox 361 3501 382 3572; x_wconf 69' lang='grc'>,1</span> <span class='ocrx_word' id='word_1_337' title='bbox 400 3508 418 3558; x_wconf 91' lang='lat'><em>9</em></span> <span class='ocrx_word' id='word_1_338' title='bbox 442 3504 447 3572; x_wconf 93' lang='grc'>1</span> <span class='ocrx_word' id='word_1_339' title='bbox 473 3506 508 3556; x_wconf 83' lang='grc'>25</span> <span class='ocrx_word' id='word_1_340' title='bbox 527 3489 568 3557; x_wconf 70' lang='lat' dir='ltr'>X.</span> <span class='ocrx_word' id='word_1_341' title='bbox 588 3501 735 3557; x_wconf 90' lang='lat' dir='ltr'>hominum</span> <span class='ocrx_word' id='word_1_342' title='bbox 753 3501 788 3556; x_wconf 92' lang='lat' dir='ltr'><strong><em>H</em></strong></span> <span class='ocrx_word' id='word_1_343' title='bbox 973 3584 989 3613; x_wconf 66' lang='lat' dir='ltr'>a</span> 
     </span>
     <span class='ocr_line' id='line_1_41' title="bbox 946 3588 974 3634; baseline 0 -39"><span class='ocrx_word' id='word_1_344' title='bbox 946 3588 974 3634; x_wconf 40' lang='lat' dir='ltr'>B.</span> 
     </span>
    </p>
   </div>
   <div class='ocr_carea' id='block_1_8' title="bbox 0 0 1238 3832">
    <p class='ocr_par' dir='ltr' id='par_1_8' title="bbox 0 0 1238 3832">
     <span class='ocr_line' id='line_1_42' title="bbox 0 0 1238 3832; baseline 0 0"><span class='ocrx_word' id='word_1_345' title='bbox 0 0 1238 3832; x_wconf 95' lang='lat' dir='ltr'> </span> 
     </span>
    </p>
   </div>
  </div>
 </body>
</html>
