2468 3832
434 138 545 194 LIBER
561 139 596 194 Π.
626 138 704 196 ΟΑΡ.
723 145 800 197 8-9.
1078 140 1119 204 79

100 301 326 367 Mithridatico
346 303 446 367 ductu
465 302 631 386 Archelai,
655 303 769 368 stricto
793 302 902 388 gladio
921 302 956 367 in
979 303 1119 386 primam

102 392 203 457 aciem
232 393 434 475 procucurrit
462 391 696 476 appellansque
723 391 844 455 milites
872 391 965 473 dixit,
994 393 1117 476 siquis

102 480 292 565 quaesisset,
315 481 371 544 ubi
393 481 625 564 imperatorem
644 480 863 564 reliquissent,
885 481 1118 562 responderent

101 572 301 655 pugnantem
321 569 355 632 in
373 568 525 634 Boeotia:
548 569 639 634 cuius
662 569 709 632 rei
733 569 856 654 pudore
878 569 1023 633 uniuersi
1045 591 1118 634 eum

102 657 205 723 secuti
230 661 315 723 sunt.
660 657 663 662 ’
1137 675 1153 723 5

169 747 220 811 13.
258 745 361 811 Diuus
393 746 495 811 Iulius
532 746 573 811 ad
605 745 760 813 Mundam
792 745 1008 810 referentibus
1052 746 1118 810 suis

102 835 215 920 pedem
248 856 365 920 equum
394 857 488 900 suum
517 835 633 899 abduci
662 857 682 899 a
710 839 885 919 conspectu
908 834 1005 899 iussit
1027 839 1060 900 et
1083 836 1118 898 in

100 925 239 1008 primam
259 925 363 989 aciem
381 925 478 1008 pedes
496 924 664 1007 prosiluit:
687 924 823 1007 milites,
846 924 923 988 dum
942 924 1117 988 destituere

101 1013 330 1097 imperatorem
351 1013 558 1094 erubescunt,
581 1012 886 1096 redintegrauerunt
909 1011 1078 1096 proelium.

171 1102 221 1167 14.
251 1101 423 1186 Philippus
446 1100 583 1182 ueritus,
606 1122 647 1164 ne
670 1100 829 1184 impetum
848 1098 1117 1185 Scytharumsui
1138 1120 1171 1168 10

101 1211 168 1254 non
195 1191 403 1270 sustinerent,
432 1190 639 1254 fidelissimos
668 1189 812 1273 equitum
840 1211 860 1253 a
886 1194 979 1275 tergo
1009 1190 1118 1274 posuit

100 1279 341 1365 praecepitque,
368 1301 409 1344 ne
437 1300 532 1363 quem
561 1278 817 1344 commilitonum
846 1300 886 1342 ex
913 1279 981 1342 acie
1004 1278 1116 1362 fugere

101 1371 303 1452 paterentur,
331 1367 594 1453 perseuerantius
623 1367 781 1432 abeuntes
809 1367 1022 1433 trucidarent:
1054 1388 1117 1450 qua

31 1551 38 1558 “
101 1546 171 1609 lent
203 1546 244 1610 ab
277 1547 427 1612 hostibus
461 1568 559 1630 quam
590 1545 632 1611 ab
661 1544 727 1610 suis
760 1545 912 1629 interfici,
944 1545 1116 1610 uictoriam
1138 1560 1170 1610 15

34 1635 44 1647 ’
102 1634 287 1718 adquisiuit.

258 1843 306 1897 Du
325 1843 386 1898 His
406 1843 503 1919 QUAE
522 1842 614 1899 POST
633 1841 821 1898 PROELIUM
838 1842 957 1898 FIUNT.

101 1931 189 1985 VIIII.
215 1930 246 1986 Sl
264 1930 334 1987 RES
352 1931 540 1987 PROSPERE
560 1931 742 2001 cassalun,
762 1933 811 1986 DE
826 1930 1116 1988 CONSUMMANDIS
1185 1979 1188 1985 .

452 2019 633 2086 RHLIQUIIS
652 2020 769 2076 BHLLI.

171 2165 200 2228 1.
237 2161 272 2228 G.
298 2163 435 2249 Marius,
468 2164 564 2231 uictis
596 2168 722 2250 proelio
755 2165 923 2248 Teutonis,
959 2165 1114 2248 reliquias
1134 2183 1169 2232 20

102 2274 226 2337 eorum,
251 2255 327 2338 quia
349 2276 415 2319 nox
437 2254 671 2337 interuenerat,
698 2255 948 2338 circumsedens,
977 2253 1114 2319 sublatis

102 2342 235 2407 subinde
264 2344 461 2410 clamoribus
489 2366 548 2427 per
575 2364 695 2426 paucos
726 2366 856 2409 suorum
879 2343 1045 2407 territauit
1068 2344 1115 2406 in-

102 2452 311 2515 somnemque
334 2432 463 2498 hostem
486 2432 638 2517 detinuit,
666 2454 705 2497 ex
728 2454 766 2498 eo
791 2432 976 2515 adsecutus,
998 2435 1036 2496 ut
1058 2453 1115 2515 po-

101 2523 187 2584 stero
212 2520 263 2583 die
286 2521 503 2604 inrequietum
525 2521 655 2586 facilius
679 2521 864 2586 debellaret.
926 2556 934 2567 ·

168 2608 198 2672 2.
226 2605 380 2672 Claudius
403 2606 506 2690 Nero,
530 2609 627 2673 uictis
649 2608 781 2694 Poenis,
805 2630 886 2693 quos
909 2607 1115 2674 Hasdrubale
1133 2626 1168 2674 25

102 2695 180 2759 duce
204 2696 238 2759 in
256 2695 388 2761 Italiam
408 2718 445 2760 ex
464 2695 627 2780 Hispania
650 2699 836 2764 traicientes
861 2701 1039 2783 exceperat,
1063 2720 1115 2763 ca·

100 2788 161 2868 put
175 2782 392 2850 Hasdrubalis
407 2785 441 2850 in
455 2790 563 2851 castra
577 2785 772 2852 Hannibalis
788 2788 894 2852 eiecit:
914 2810 977 2872 quo
992 2788 1115 2852 factum

101 2877 164 2955 est,
196 2878 233 2937 ut
263 2877 296 2937 et
325 2872 490 2939 Hannibal
517 2876 608 2940 luctu
638 2878 727 2957 [nam
749 2876 852 2940 frater
876 2877 1001 2941 occisus
1030 2879 1113 2956 erat]

173 3018 188 3066 1
206 3011 407 3069 mitridaticob
423 3008 638 3070 mitridatio‘H¹
657 3015 818 3071 mitridaico
832 3015 878 3082 ΡΙ
894 3015 1041 3069 archelaus
1057 3014 1091 3067 H

101 3090 116 3138 3
135 3083 340 3154 responderunt
353 3085 405 3152 Η1
421 3091 438 3138 4
457 3083 515 3140 ouis
530 3085 576 3140 H¹
592 3089 628 3154 17
649 3103 751 3157 equum
765 3087 805 3151 H,
823 3087 870 3140 sed
887 3104 934 3138 um
953 3088 985 3138 ia
999 3101 1054 3138 rac.
1069 3085 1100 3137 b.

102 3160 134 3210 10
154 3157 294 3224 scytarum
312 3156 348 3210 H
363 3156 496 3211 scitorum
515 3157 562 3225 ΡΙ
579 3164 612 3213 13
631 3157 760 3212 abeuntis
781 3158 809 3211 P

173 3232 205 3280 17
224 3228 335 3281 titulum
353 3243 402 3282 orn.
423 3228 468 3282 H¹
493 3227 498 3298 Ι
526 3229 607 3300 fiunt]
628 3229 740 3298 agenda
758 3230 822 3283 sunt
840 3228 860 3283 d
878 3243 911 3280 ex
925 3244 954 3296 p.
976 3229 1013 3281 38
1022 3267 1032 3294 ,
1052 3230 1087 3281 19

103 3302 135 3351 18
154 3297 351 3364 6666166661111
370 3304 402 3353 19
416 3297 532 3368 reliquis
546 3300 585 3368 H,
604 3302 707 3366 116611)-
728 3303 774 3367 38,
791 3302 830 3354 22
848 3298 851 3369 1
873 3303 907 3353 20
926 3295 1050 3351 maurius
1068 3298 1087 3350 b

100 3373 133 3422 21
153 3368 376 3424 circumuenerat
388 3370 459 3436 HP,
478 3387 525 3425 cm.
543 3369 628 3426 (droa.
653 3371 657 3442 Ι
683 3377 718 3424 24
735 3369 914 3438 inrequetum
932 3369 968 3423 H
989 3373 993 3436 1
1023 3367 1112 3424 2501.

100 3437 182 3509 ΗΡΙ
198 3439 360 3495 hastrubale
375 3441 410 3495 H
422 3444 426 3507 1
447 3447 481 3495 26
499 3440 530 3496 in
547 3440 630 3496 italia
643 3442 679 3496 H
682 3443 722 3509 P,
741 3442 844 3496 coraci
864 3439 867 3511 1
888 3445 921 3494 27
941 3438 1113 3495 hastrubalis

99 3509 135 3563 H
162 3513 166 3578 1
196 3515 230 3566 28
247 3526 314 3565 nam
333 3542 366 3551 —
387 3513 448 3567 erat
465 3513 514 3568 del.
537 3512 622 3570 Orod:
640 3513 674 3580 of.
692 3513 782 3583 praef.
801 3512 822 3584 1
841 3516 858 3566 9
875 3511 974 3565 fratris
991 3512 1122 3565 secisse
