2468 3832
140 149 204 212 142
339 149 414 203 IULI
431 148 610 204 FRONTINI
629 149 951 207 STRATEGEMATON
1021 107 1028 124 ·

139 332 172 375 se
195 311 292 375 iussit
315 311 407 395 cique
432 311 611 395 excusauit,
635 312 722 395 quod
744 313 867 378 inuidia
890 313 1157 380 commilitonum.

137 400 274 464 uirtutes
304 400 392 463 illius
422 400 462 464 ad
490 401 524 465 id
553 404 681 484 tempus
704 400 902 485 ignorasset:
935 406 1004 466 tum
1029 402 1159 468 donato

138 488 168 552 ei
191 509 272 572 equo
296 488 465 571 pecuniam
488 489 621 571 insuper
643 489 781 573 largitus
806 490 962 573 obtinuit,
985 493 1030 573 ut,
1054 513 1152 575 quem

137 598 176 641 ex
199 577 397 641 conscientia
419 577 582 659 trepidum
605 578 805 661 arcessierat,
828 579 950 643 laetum
973 578 1161 643 dimitteret-

101 668 170 730 5et
193 687 230 729 ex
255 665 354 730 dubio
372 665 406 728 in
424 666 584 747 reliquum
602 687 669 730 non
686 666 793 730 minus
815 666 944 730 fidelem
967 689 1066 750 quam
1088 668 1154 733 for·

135 757 201 821 tem
224 754 361 817 baberet
383 754 533 836 equitem.

203 842 256 908 37.
285 841 466 927 Philippus,
489 863 561 906 cum
581 842 726 906 audisset
743 842 886 927 Pythian
908 842 1069 926 quendam
1092 844 1158 907 bo·

135 952 214 995 num
237 928 453 1015 pugnatorem
478 932 656 995 alienatum
680 931 756 1014 sibi,
784 931 870 1016 quod
897 935 964 994 tres
992 931 1076 994 filias
1100 933 1149 994 in-

137 1040 195 1101 ops
228 1019 283 1082 uix
315 1018 417 1082 aleret
447 1040 506 1083 neo
534 1041 553 1082 a
580 1039 656 1103 rege
688 1019 912 1106 adiuuaretur,
942 1020 1157 1084 monentibus

85 1126 117 1175 10
136 1106 338 1191 quibusdam,
360 1107 410 1170 uti
429 1128 499 1170 eum
519 1112 657 1192 caueret,
680 1107 795 1191 ‘quidt
807 1107 856 1191 si',
878 1108 993 1191 inquit,
1012 1107 1157 1191 ‘partem
1212 1117 1216 1128 '

137 1217 270 1281 aegram
303 1195 447 1279 corporis
479 1196 650 1279 haberem,
682 1196 880 1261 absciderem
913 1197 1153 1278 potiusquam

136 1283 315 1350 curarem?
338 1284 452 1348 deinde
467 1284 671 1348 familiariter
690 1288 814 1350 secreto
834 1285 978 1349 elicitum
997 1282 1159 1367 Pythian,

137 1377 270 1457 accepta
294 1372 482 1437 difficultate
505 1373 749 1437 necessitatium
773 1372 1033 1455 domesticarum,
1055 1393 1157 1455 pecu·

136 1461 192 1525 nia
214 1461 368 1525 instruxit
393 1482 429 1525 ae
452 1461 619 1525 meliorem
641 1461 882 1546 fidelioremque
905 1461 1029 1543 habuit,
1052 1482 1157 1544 quam

83 1566 116 1615 15
135 1549 295 1613 habuerat
317 1552 490 1631 antequam
514 1549 698 1613 offenderet.
930 1564 934 1572 '
977 1626 980 1630 Α

202 1637 253 1702 38.
286 1636 323 1700 Τ.
342 1635 492 1711 Quintius
512 1635 678 1721 Crispinus
696 1641 773 1723 post
795 1637 973 1702 infaustam
996 1636 1156 1701 aduersus

135 1724 262 1790 Poenos
286 1724 535 1807 dimicationem,
558 1748 623 1809 qua
645 1727 804 1810 collegam
821 1725 1012 1790 Marcellum
1035 1725 1152 1788 amise-

136 1819 202 1897 rat,
225 1836 298 1879 cum
322 1815 533 1898 comperisset
555 1815 696 1897 potitum
720 1816 816 1879 anulo
840 1813 1005 1878 interfecti
1026 1812 1156 1876 Hanni·

134 1903 257 1983 balem,
284 1903 413 1967 litteras
436 1904 521 1967 circa
544 1903 722 1985 municipia
751 1903 853 1966 totius
876 1902 992 1966 Italiae
1015 1901 1155 1979 dimisit,

83 2009 117 2058 2ο
136 2013 177 2055 ne
202 1991 367 2055 crederent
386 1991 542 2076 epistulis,
567 1992 595 2054 si
618 2013 701 2076 quae
713 1989 858 2055 Marcelli
882 1990 980 2055 anulo
1003 1990 1157 2074 signatae

136 2079 370 2162 perferrentur:
393 2079 572 2144 monitione
595 2083 786 2144 consecutus
810 2081 873 2162 est,
903 2083 940 2143 ut
963 2076 1095 2160 Salapia
1118 2081 1154 2141 et

137 2166 220 2230 aliae
243 2167 339 2229 urbes
362 2166 484 2230 frustra
505 2166 701 2232 Hannibalis
725 2167 809 2233 dolis
833 2169 1077 2251 temptarentur.

203 2254 256 2318 39.
287 2253 368 2318 Post
395 2252 596 2319 Cannensem
625 2257 749 2321 cladem
776 2255 934 2339 perculsis
961 2255 1009 2318 ita
1031 2252 1152 2318 Roma·

135 2364 252 2408 norum
272 2342 397 2425 animis,
420 2346 457 2407 ut
469 2364 546 2425 pars
566 2365 687 2429 magna
704 2344 917 2429 reliquiarum
934 2342 1152 2407 nobilissimis

83 2447 117 2497 ae
137 2431 323 2496 auctoribus
347 2430 541 2496 deserendae
563 2431 679 2496 Italiae
701 2433 801 2497 iniret
824 2432 1003 2513 consilium,
1025 2429 1061 2494 P.
1083 2426 1150 2494 Sci-

135 2521 189 2603 pio
219 2520 405 2583 adulescens
434 2519 616 2588 admodum.
634 2521 758 2603 impetu
785 2519 872 2584 facto
900 2520 933 2584 in
959 2541 996 2583 eo
1020 2519 1092 2601 ipso
1116 2517 1151 2582 in

10 2680 16 2700 ⁴
136 2629 199 2692 quo
218 2608 297 2672 talia
316 2608 525 2692 agitabantur
548 2613 642 2682 coetu
664 2609 888 2692 pronuntiauit
910 2630 1009 2672 manu
1032 2628 1066 2670 se
1090 2627 1152 2670 sua

209 2806 222 2851 1
243 2816 360 2867 eumque
376 2800 395 2853 b
412 2800 445 2853 in
461 2802 583 2868 rasura!
604 2806 620 2853 3
640 2800 723 2871 equo]
743 2799 825 2854 edum
839 2799 903 2868 11¹1
924 2805 942 2853 4
960 2815 994 2853 ex
1012 2815 1061 2854 om.
1076 2797 1123 2850 H¹

135 2870 301 2924 arcessierat
321 2867 348 2923 G
379 2870 542 2924 arcersierat
556 2870 591 2924 H
595 2870 638 2923 1Ρ
666 2870 869 2925 accersierath
896 2872 900 2937 Ι
930 2868 1074 2938 breliquo
1096 2867 1124 2922 G

136 2947 151 2996 7
170 2938 290 3010 pythian
305 2939 371 2994 GH
385 2939 504 3010 phytian
525 2941 549 2994 O
567 2941 672 3009 pitiam-
684 2941 712 2993 P
733 2941 862 3010 Pythean
880 2940 1002 3011 Scaliger
1018 2946 1023 3005 Ι
1045 2944 1062 2992 8
1081 2937 1151 2993 alie-

135 3015 201 3066 nato
212 3011 256 3076 ΡΙ
272 3010 386 3081 inopsh
403 3011 484 3065 inobs
495 3010 623 3081 GH¹Pl
640 3017 655 3065 9
674 3011 818 3066 ualeretG
834 3015 838 3080 Ι
856 3017 888 3065 11
903 3010 1094 3066 abscinderem
1109 3011 1129 3064 d
1144 3008 1149 3080 Ι

136 3088 169 3136 12
192 3084 308 3148 fortasse
335 3081 400 3135 dein
424 3082 458 3135 de
484 3080 594 3135 familia
623 3084 756 3149 secreto!
782 3085 890 3136 secreto
918 3083 1003 3137 delere
1031 3081 1151 3135 molebat

134 3153 252 3222 Lipsius
266 3156 295 3207 et
309 3153 415 3206 secreto
430 3154 449 3206 d
464 3153 468 3220 1
483 3152 603 3221 phytian
618 3152 782 3222 Opythiam
797 3152 863 3207 GH
873 3153 973 3222 pitiam
988 3152 1032 3220 ΡΙ
1050 3157 1083 3204 16
1096 3151 1148 3205 ha-

134 3225 216 3278 berat
234 3223 300 3291 11¹1
321 3222 475 3278 offenderet
493 3239 527 3276 ac
545 3221 698 3277 offenderat
716 3223 751 3277 H
768 3226 771 3288 Ι
796 3229 828 3277 17
848 3241 905 3291 qua
923 3225 942 3277 d
959 3238 1015 3290 quo
1035 3221 1100 3276 GH
1103 3221 1132 3274 P

134 3296 219 3348 aerbo
244 3294 382 3364 collegam
405 3324 439 3332 -
463 3294 546 3348 anulo
572 3309 622 3348 om.
647 3294 691 3348 Η1
716 3298 720 3363 Ι
749 3299 785 3348 20
808 3293 885 3348 anuli
908 3292 1073 3362 obsignatae
1097 3292 1126 3346 P

135 3369 168 3417 21
187 3364 342 3420 munitione
361 3365 417 3433 ΗΙ
438 3366 481 3418 cst
498 3381 548 3419 om.
568 3367 587 3420 d
606 3367 611 3431 Ι
632 3371 665 3420 23
685 3363 822 3434 perculsit
839 3364 896 3434 ΗΙ
921 3369 956 3418 24
974 3362 1077 3417 animis
1093 3362 1121 3417 G

135 3434 274 3557 anniZIIP
292 3436 353 3490 anis
365 3437 405 3560 Ze}
425 3441 460 3490 26
478 3434 565 3490 iniret
580 3435 640 3491 GP
654 3434 772 3491 inreH¹
790 3434 860 3491 inire
874 3436 913 3505 bl
933 3433 1048 3504 publius
1062 3433 1097 3488 H
1101 3432 1149 3504 ΡΙ

126 3510 166 3557 26
182 3521 200 3557 a
222 3521 349 3561 oesoens
