2468 3832
127 151 172 216 90
328 151 403 208 IULI
420 151 599 208 PRONTINI
619 151 946 208 STRATEGEMATON

128 316 217 398 dixit,
241 319 309 380 tum
333 315 408 379 illos
431 285 602 383 uictoriam
621 317 768 402 adeptos,
789 337 863 380 cum
887 315 1056 402 quadridui
1079 317 1143 381 iter

127 404 225 469 biduo
249 403 471 488 corripuerint.
664 407 667 413 ’

221 577 255 632 ΙΙ.
284 579 332 633 Dll
352 576 556 634 FALLENDIS
575 578 649 648 HIS,
670 577 732 644 QUI
751 576 1042 635 OBSIDEBUNTUR.

198 689 224 752 1.
248 686 413 753 Domitius
428 687 593 772 Caluinus,
613 710 686 754 cum
701 687 865 754 obsideret
878 686 1039 773 Lueriam,
1053 689 1145 773 oppi-

92 776 204 841 tdum
226 776 393 862 Ligurum,
424 800 490 843 non
520 779 648 842 tantum
672 777 737 843 situ
761 781 794 842 et
827 776 997 860 operibus,
1030 799 1144 842 uerum

128 865 229 931 etiam
261 870 543 950 propugnatorum
574 867 777 951 praestantia
808 869 935 945 tutum,
973 865 1143 931 circumire

127 975 237 1019 muros
260 953 446 1038 frequenter
474 955 626 1021 omnibus
655 955 758 1040 copiis
785 954 930 1019 instituit
953 954 1142 1039 easdemque

125 1042 277 1107 reducere
291 1043 325 1108 in
339 1049 453 1110 castra
491 1065 555 1128 qua
573 1043 804 1110 consuetudine
827 1042 969 1109 inductis
988 1044 1036 1108 ita
1054 1043 1145 1127 oppi-

128 1129 230 1214 danis,
253 1135 290 1196 ut
309 1132 476 1197 crederent
499 1133 740 1199 exercitationis
763 1131 798 1196 id
821 1132 929 1217 gratia
952 1130 1058 1197 facere
1077 1131 1145 1197 Ro·

76 1234 275 1303 lemanum,
308 1225 341 1286 et
372 1222 413 1286 ob
446 1221 509 1286 hoc
539 1221 621 1286 nihil
651 1221 692 1286 ab
724 1243 761 1286 eo
795 1225 914 1287 conatu
941 1220 1144 1305 canentibus,

127 1330 250 1376 morem
265 1309 358 1374 illum
373 1310 605 1375 obambulandi
622 1311 658 1375 in
676 1310 821 1375 subitum
840 1309 959 1374 direxit
976 1310 1144 1394 impetum,

127 1398 358 1549 occupatisque
376 1398 545 1464 moenibus
565 1399 734 1484 expressit,
755 1401 794 1463 ut
817 1420 851 1464 se
874 1399 965 1482 ipsos
986 1397 1145 1464 dederent

128 1508 288 1570 opp1an1.
1088 1527 1093 1536 ·

194 1575 223 1639 2.
257 1573 291 1640 Ο.
320 1574 468 1640 Duellius
498 1576 613 1641 consul
644 1575 781 1641 subinde
814 1574 990 1641 exercendo
1021 1574 1144 1641 milites

74 1676 107 1725 15
126 1663 329 1748 remigesque
353 1668 544 1730 consecutus
568 1667 635 1750 est,
658 1669 696 1730 ut
720 1664 840 1730 securis
865 1662 1144 1750 Carthaginiensi·

126 1752 187 1816 bus
211 1753 365 1836 usquein
387 1753 419 1817 id
442 1757 570 1838 tempus
593 1753 745 1820 innoxiae
764 1753 1006 1820 consuetudinis
1031 1752 1140 1818 subito

127 1840 260 1907 admota
284 1842 389 1906 classe
412 1848 540 1907 murum
564 1845 747 1927 occuparet.

193 1931 223 1996 3.
255 1929 421 2005 Hannibal
439 1932 474 1996 in
491 1931 589 1996 ltalia
606 1933 726 1996 multas
749 1932 847 1996 urbes
870 1931 965 2015 cepit,
989 1952 1063 1995 cum
1077 1928 1142 1995 Ro·

126 2040 296 2085 manorum
318 2020 436 2085 habitu
455 2020 612 2104 quosdam
631 2041 773 2103 suorum,
796 2041 836 2084 ex
858 2019 958 2105 longo
981 2019 1059 2085 belli
1082 2041 1144 2084 usu

74 2118 108 2168 20
127 2106 226 2171 latine
251 2129 377 2191 quoque
401 2109 578 2192 loquentis,
601 2109 834 2193 praemitteret

193 2196 224 2259 4.
251 2195 394 2262 Arcades
413 2195 650 2263 Messeniorum
668 2198 838 2264 castellum
858 2197 1054 2281 obsidentes,
1077 2195 1145 2261 fac-

126 2283 169 2347 tis
193 2283 386 2366 quibusdam
415 2286 515 2350 armis
544 2286 585 2351 ad
613 2285 861 2352 similitudinem
890 2285 1073 2368 hostilium,
1102 2305 1142 2350 eo

125 2375 271 2456 tempore
296 2395 359 2456 quo
384 2395 572 2440 successura
595 2375 661 2441 alia
689 2374 853 2460 praesidia
874 2375 927 2441 his
951 2375 1143 2459 explorans-

126 2465 216 2545 runt,
243 2463 396 2528 instructi
426 2484 537 2528 eorum
566 2465 620 2548 qui
651 2465 923 2550 exspectabantur
947 2466 1065 2530 ornatu
1088 2461 1144 2528 ad·

73 2561 106 2611 25
127 2551 282 2636 missique
304 2573 363 2637 per
381 2552 467 2617 hunc
486 2574 627 2618 errorem
646 2557 684 2620 ut
706 2554 795 2633 socii,
817 2553 1057 2639 possessionem
1079 2551 1144 2617 loci

127 2662 200 2705 cum
224 2644 333 2724 strage
356 2641 501 2707 hostium
525 2642 634 2728 adepti
657 2646 741 2708 sunt.

199 2815 299 2886 lcum]
320 2816 697 2887 quomquuadruduiiter
715 2815 834 2884 (priori
852 2815 903 2870 sub
922 2815 971 2869 zia.
990 2815 1099 2883 addita)
1117 2813 1145 2868 G

126 2885 290 2954 qnadruiter
305 2888 458 2957 (serpulum
471 2890 536 2944 add.
550 2889 580 2956 t)
594 2888 630 2942 H
642 2891 646 2955 Ι
663 2893 679 2941 2
698 2886 783 2941 biduo
797 2887 851 2941 er
867 2885 953 2942 dubio
972 2885 1038 2942 GH
1039 2885 1048 2916 ¹
1063 2889 1069 2956 Ι
1085 2901 1144 2940 cor-

124 2955 263 3026 ripuerint
283 2955 312 3012 0.
331 2959 423 3012 Barth
442 2957 596 3028 eripuerint
615 2957 680 3013 GH
683 2958 712 3011 P

197 3034 213 3082 3
228 3029 263 3083 iis
280 3028 360 3096 61³1
377 3029 570 3085 obsidenturd
585 3033 589 3095 Ι
605 3028 781 3084 tobsederet
799 3029 914 3098 priore
925 3026 978 3082 eei
990 3025 1027 3096 G)
1045 3026 1121 3081 611¹
1137 3026 1141 3098 Ι

125 3097 243 3154 lueriam
265 3100 360 3155 GHP
377 3101 473 3155 lunam
491 3103 519 3167 d,
537 3101 608 3169 quod
625 3101 725 3172 recepit
742 3098 811 3155 Oad.
826 3100 885 3156 coll.
904 3098 972 3154 Lice.
991 3103 1036 3166 41,
1053 3103 1090 3155 13
1106 3100 1111 3170 Ι
1127 3104 1143 3152 6

125 3171 266 3226 circumiri
285 3172 331 3240 ΡΙ
348 3177 364 3227 8
383 3172 481 3227 castris
502 3171 583 3243 6111
604 3169 812 3227 consuetudinis
826 3171 870 3226 H¹
886 3173 890 3240 1
908 3175 940 3225 11
961 3169 1145 3226 obambulan-

125 3242 168 3296 dis
190 3243 273 3309 GH!
289 3243 398 3298 derexit
418 3242 514 3313 0112
533 3243 751 3313 occupantisque
769 3241 815 3298 Η1
835 3246 840 3310 Ι
865 3247 899 3297 14
918 3240 1005 3296 Gaius
1026 3240 1073 3311 Gl
1094 3242 1145 3294 du·

124 3311 201 3369 illius
219 3313 271 3370 er
295 3317 299 3382 Ι
326 3319 358 3368 15
378 3313 638 3384 carthaginensibus
657 3313 692 3369 H
712 3318 717 3380 l
739 3318 771 3368 16
790 3314 948 3369 innexaet
972 3314 977 3381 Ι
999 3318 1032 3367 17
1051 3327 1144 3367 muro-

124 3400 187 3438 rum
208 3385 305 3453 9120
324 3386 471 3454 loquentes
489 3384 535 3454 ΡΙ
555 3391 588 3440 23
607 3385 642 3440 iis
663 3384 724 3440 GP
734 3389 739 3453 Ι
756 3385 971 3454 explorauerant
988 3385 1008 3440 d
1024 3388 1028 3450 Ι
1044 3388 1079 3437 24
1098 3398 1144 3436 ex·

115 3457 329 3578 Zpectzbuntur
342 3457 378 3512 H
379 3458 387 3489 ¹
404 3460 407 3525 Ι
424 3455 594 3527 admisisque
605 3456 649 3513 H¹
670 3457 674 3528 l
693 3461 729 3511 25
746 3457 925 3526 possessione
939 3454 984 3509 ΗῚ
1000 3455 1005 3525 Ι
1021 3461 1056 3510 116
1075 3457 1144 3509 stra·

140 3543 185 3594 ge
