2468 3832
502 133 720 190 PRAEFATIO.
1052 135 1119 188 XIII

102 298 244 381 fiderem,
263 299 345 362 illud
364 320 429 362 uno
448 300 577 361 tautum
596 296 667 360 loco
687 296 844 361 traditum
859 295 1031 361 admittere
1049 317 1116 360 non

102 409 201 450 ausus
220 409 301 451 sum.
329 386 552 450 Librariornm
567 388 676 449 autem
692 385 798 449 studio
813 384 935 450 factum
950 390 1007 470 est,
1026 389 1063 449 ut
1081 385 1117 448 in

102 475 339 540 recentioribus
355 474 518 539 codicibus
532 477 660 538 tantum
675 495 741 538 non
756 474 905 538 omnibus
919 474 959 538 ad
973 475 1117 558 reliquos

104 585 231 648 quoque
255 563 371 628 titulos
394 584 590 648 praenomen
615 560 705 626 Sexti
728 562 966 628 transferretur.
1008 564 1117 646 Atque

103 652 135 715 id
154 672 257 736 neque
276 653 310 716 in
329 653 444 716 ceteris
464 652 490 716 F
491 651 615 716 rontini
638 652 730 715 libris
753 652 809 735 qui
832 653 962 715 exstant
985 648 1119 737 (3111111

103 738 253 804 Frontini
268 741 306 805 de
322 741 414 824 aquis
430 742 520 805 urbis
534 740 658 804 Romae
672 738 749 803 libri
758 739 791 802 II
805 762 867 805 rec.
876 738 929 804 Fr.
939 739 1120 803 Buecheler

106 828 200 893 1858.
236 828 296 892 Die
316 828 480 894 Schriften
504 830 560 894 der
583 850 680 893 roem.
699 828 903 893 Feldmesser
926 828 1118 912 herausgeg.

102 939 167 982 von
199 916 234 982 F.
258 917 388 1001 Blume,
421 917 461 982 K.
484 918 676 982 Lachmann
708 918 773 981 und
801 917 840 982 A.
863 917 1002 982 Rudorff
1025 917 1119 983 1848.

68 1056 71 1063 .
102 1004 169 1090 lp.
186 1008 213 1088 1,
235 1008 262 1070 1.
279 1008 329 1071 18.
343 1008 396 1072 26.
420 1008 450 1090 3,
466 1007 517 1071 16.
541 1007 570 1084 9,
585 1005 637 1070 20.
664 1005 713 1086 10,
730 1006 779 1070 19.
803 1007 856 1089 26,
870 1007 899 1070 3.
925 1007 1020 1082 71,1.
1043 1006 1120 1088 403,

103 1095 156 1158 20.
178 1094 254 1177 415,
273 1093 308 1178 9)
332 1096 454 1179 legitur
480 1115 583 1177 neque
607 1095 649 1158 ab
673 1095 859 1158 auctoribus
882 1095 1035 1178 traditur,
1065 1094 1120 1178 qui

104 1181 256 1246 Frontini
270 1183 468 1248 mentionem
484 1184 608 1246 faciunt
627 1180 682 1267 (cf.
696 1181 771 1246 Tac.
785 1182 860 1247 hist.
870 1183 902 1266 4,
912 1183 964 1267 39,
978 1182 1057 1267 Agr.
1070 1183 1120 1247 17.

104 1269 200 1335 Mart.
226 1272 280 1353 10,
295 1272 353 1353 48,
367 1273 420 1336 20.
446 1273 500 1355 10,
515 1271 566 1336 58.
598 1270 681 1335 Ρ1111.
705 1271 798 1354 epist.
822 1271 856 1355 4,
876 1271 910 1355 8,
929 1271 959 1335 3.
983 1271 1017 1355 5,
1039 1272 1072 1354 1,
1091 1272 1120 1335 5.

104 1359 134 1442 9,
151 1359 201 1443 19,
219 1360 244 1423 1.
261 1360 290 1423 6.
314 1360 439 1425 Α311311.
458 1360 548 1425 Τ331.
566 1359 667 1444 praef.
682 1360 703 1424 3
717 1358 765 1445 (et
781 1361 809 1443 1,
824 1359 891 1444 27).
915 1360 1030 1444 Veget.
1047 1361 1075 1440 1,
1090 1360 1120 1425 8.

103 1448 138 1525 2,
158 1448 188 1512 3.
229 1447 324 1512 Laur.
347 1448 425 1532 Lyd.
453 1449 491 1513 de
519 1449 665 1533 magistr.
692 1450 724 1532 1,
742 1449 796 1513 47.
824 1449 858 1531 3,
878 1449 908 1514 3.
954 1448 1119 1534 Gargilius

103 1534 198 1600 Mart
213 1537 243 1618 4,
260 1535 334 1624 l(?)
354 1539 439 1621 apud
453 1537 493 1602 A.
508 1536 586 1621 Mai,
603 1536 698 1602 Anat.
714 1538 807 1602 class.
821 1536 847 1620 Ι,
861 1560 892 1620 p.
906 1535 1000 1623 410):
1019 1537 1119 1601 fuisse

103 1627 212 1690 tamen
231 1624 390 1690 Frontino
409 1630 607 1710 praenomen
626 1623 724 1690 Sexto
748 1626 1015 1710 inscriptionibus
1039 1627 1120 1690 satis

104 1716 233 1778 constat
261 1712 315 1798 (cf.
335 1711 406 1779 CIL
425 1714 474 1778 III
496 1738 527 1797 p.
542 1715 616 1781 862.
640 1713 736 1796 VIII,
752 1715 847 1779 7066.
871 1713 1003 1779 Henzeu
1022 1714 1120 1779 6545.

103 1799 289 1867 Wilmanns
307 1803 415 1868 11942.
438 1801 586 1866 Fabretti
606 1804 635 1883 7,
648 1799 739 1885 404.)

171 1889 310 1974 Scripsit
338 1890 514 1954 Frontinus
543 1895 610 1954 tres
643 1890 744 1953 libros
774 1893 1023 1973 sbclcpemoton,
1054 1911 1121 1953 non

105 1978 407 2062 strategematicum
444 1978 530 2062 quod
563 1980 744 2042 monstrum
776 1978 866 2042 uocis
899 1975 954 2063 (ci.
981 2001 1012 2063 p.
1038 1979 1071 2061 1,
1091 1979 1120 2044 8.

104 2069 135 2148 2,
149 2066 202 2132 25.
224 2067 256 2149 3,
269 2067 299 2130 2.
325 2066 397 2150 115,
412 2065 447 2151 2)
468 2071 576 2132 ortum
595 2067 722 2131 uidetur
740 2067 775 2130 in
793 2067 889 2131 titulo
908 2067 984 2131 libri
994 2068 1120 2151 quarti,

104 2154 160 2218 ubi
183 2177 243 2239 pro
267 2157 513 2240 strategicon
536 2155 591 2242 (cf.
614 2179 645 2239 p.
667 2155 742 2239 115,
758 2154 793 2240 8)
818 2160 996 2221 correctum
1021 2161 1119 2221 stra·

103 2245 326 2327 tegematon
350 2245 384 2309 in
403 2245 537 2330 antiquo
557 2245 735 2328 exemplari
758 2243 895 2329 indeque
920 2246 1118 2310 correctione

104 2332 188 2395 male
220 2333 387 2399 intellecta
420 2334 461 2398 ab
493 2356 530 2399 eo
560 2334 615 2418 qui
647 2333 819 2416 descripsit
850 2335 962 2410 fictum
995 2334 1119 2399 conicio

717 2440 779 2478 emat

104 2493 455 2576 strategematicon
480 2490 537 2577 (=
558 2492 825 2577 strategicon).

172 2598 327 2677 Quartum
357 2598 412 2681 qui
441 2598 543 2661 fertur
570 2598 691 2661 librum
722 2600 981 2681 strategematon
1007 2619 1072 2661 non
1101 2619 1121 2661 3

104 2685 262 2750 Frontino
295 2686 529 2767 conscriptum,
562 2685 618 2749 sed
651 2685 692 2749 ab
720 2685 784 2748 alio
812 2688 929 2766 postea
957 2685 1119 2750 adiectum

67 2782 71 2787 '
104 2795 174 2838 esse
193 2774 493 2858 praefationemque
512 2773 589 2837 libri
607 2773 704 2858 primi
722 2773 831 2837 uerbis
856 2771 894 2837 si
919 2774 984 2857 qui
1007 2778 1120 2838 erunt

106 2864 366 2946 -posuimus
391 2863 432 2927 ab
456 2862 570 2928 eodem
591 2865 809 2927 auctamesse
829 2861 964 2927 dilucide
989 2863 1119 2927 demon·

104 2955 290 3016 strauerunt
306 2950 438 3016 Curtius
452 2951 671 3016 Wachsmuth
686 2947 816 3038 (Rhein.
830 2949 912 3017 Mus.
925 2950 989 3014 XV
1003 2949 1120 3036 (1860)

104 3039 295 3125 574-583)
321 3043 354 3105 31
377 3039 548 3104 Eduardus
571 3039 742 3105 Woelfflin
766 3037 917 3124 (Hermes
936 3038 983 3104 IX
1002 3037 1120 3125 (1876)

107 3127 263 3215 72-92).
295 3129 335 3194 31.
355 3128 568 3205 Quaestioncs
593 3129 633 3193 de
650 3128 720 3193 ι7311
738 3127 888 3192 Frontini
912 3131 1004 3193 strat.
981 3127 1120 3192 tlibris

106 3218 236 3302 scripsit
222 3216 297 3282 td
321 3216 562 3282 Gundermann.
590 3238 660 3300 cap.
678 3217 703 3282 I.

194 3310 214 3384 ξ
239 3307 269 3370 9.
315 3305 490 3371 Adiecto
480 3328 547 3370 ram
569 3306 655 3370 libro
679 3308 795 3390 quarto
819 3326 937 3388 corpus
962 3309 1119 3389 stratege-

104 3397 217 3460 maton
236 3395 330 3460 nouis
351 3399 481 3460 auctum
501 3398 551 3459 est
570 3395 778 3478 exemplis,
750 3396 766 3458 1
788 3394 859 3476 3,.7
881 3395 1121 3476 1,7,4.1,7,7.

106 3482 278 3568 11115.
305 3485 446 3606 2,,113
431 3484 637 3567 1.2,4,.14
664 3444 1153 3569 2,,418.2,8,8.2,2,2
