2468 3832
132 148 174 211 74
335 146 410 202 IULI
427 145 607 203 FRONTINI
626 144 949 202 STRATEGEMATON

129 312 259 376 fortiter
282 309 471 374 dimicantes
495 331 564 392 eos,
593 309 648 395 qui
670 310 786 375 inclusi
810 313 916 394 erant,
945 309 1146 375 animaduer-

130 400 240 483 tisset,
264 399 371 464 locum
394 399 459 463 illis
483 398 524 463 ad
547 399 660 484 fugam
683 398 780 464 dedit.

199 489 249 553 10.
285 487 375 552 Idem
407 488 492 552 inter
524 491 699 571 praecepta
730 487 941 570 imperatoria
970 488 1145 552 memoriae

128 576 272 661 tradidit,
286 598 352 641 non
367 598 437 641 esse
452 577 663 658 pertinaciter
681 576 870 641 instandum
889 575 977 641 hosti
996 576 1146 660 fugienti,

94 680 170 731 ene
192 686 257 730 non
278 665 382 730 solum
397 666 481 748 <e>a
503 685 538 728 re
561 664 679 730 fortius
699 687 738 729 ex
756 664 950 730 necessitate
968 666 1145 751 resisteret,

129 754 186 819 sed
200 757 236 818 ut
249 758 365 838 postea
384 775 509 839 quoque
528 754 657 819 facilius
677 755 744 819 acie
760 754 896 838 cederet,
915 755 1010 837 <cum
1024 754 1143 837 sciret>

128 865 195 908 non
208 865 310 927 usque
330 842 371 907 ad
390 842 564 927 perniciem
583 842 785 928 fugientibus
800 843 979 908 instaturos
994 842 1143 908 uictores.

312 1052 370 1107 VII.
400 1050 447 1105 DE
466 1051 748 1107 DISSIMULANDIS
767 1050 954 1106 ADVERSIS,

197 1199 225 1262 1.
256 1197 369 1262 Tullus
388 1196 550 1262 Hostilius
573 1219 629 1262 rex
648 1196 869 1263 Romanorum
892 1198 1065 1262 commisso
1090 1198 1145 1262 ad·

77 1301 240 1351 reuersus
264 1284 419 1351 Veientes
443 1286 580 1369 proelio,
608 1307 680 1351 cum
704 1286 827 1350 Albani
850 1285 977 1351 deserto
1001 1287 1145 1352 exercitu

128 1375 348 1440 Romanorum
371 1375 536 1458 proximos
556 1377 705 1457 peterent
722 1375 866 1439 tumulos
885 1396 986 1459 eaque
1005 1396 1057 1440 res
1077 1380 1146 1440 tur-

128 1465 240 1528 basset
276 1467 462 1528 nostrorum
499 1463 642 1553 animos,
675 1464 760 1528 clare
791 1464 1016 1546 pronuntiauit
1054 1465 1145 1529 iussu

129 1573 188 1617 suo
207 1550 354 1616 Albanos
372 1551 405 1615 id
423 1550 552 1635 fecisse,
575 1554 612 1616 ut
629 1551 758 1618 hostem
777 1553 1037 1618 cucumueniret:
1062 1575 1144 1637 quae

128 1662 180 1704 res
204 1643 237 1704 et
259 1644 416 1705 terrorem
435 1637 626 1704 Veientibus
651 1644 684 1705 et
704 1640 860 1706 Romanis
883 1641 1032 1706 fiduciam
1056 1646 1144 1706 attu-

76 1743 109 1793 15
129 1729 169 1794 lit
192 1751 323 1814 remque
346 1729 536 1793 inclinatam
560 1729 696 1795 consilio
720 1730 872 1796 restituit

195 1818 225 1883 2.
262 1818 298 1884 L.
321 1815 423 1899 Sulla,
452 1839 524 1882 cum
552 1818 736 1902 praefectus
764 1819 847 1904 eius,
877 1819 1052 1885 comitante
1075 1840 1143 1885 non

128 1908 245 1991 exigua
264 1908 409 1991 equitum
427 1929 534 1990 manu,
553 1908 726 1972 commisso
746 1908 812 1972 iam
833 1907 957 1990 proelio
977 1908 1017 1972 ad
1036 1908 1143 1974 hostis

127 1995 369 2082 transfugisset,
387 1996 614 2079 pronuntiauit
637 1997 727 2061 iussu
751 2017 811 2061 suo
829 1995 863 2060 id
880 1997 1018 2062 factum:
1043 2018 1142 2082 eaque

127 2086 254 2150 ratione
282 2084 423 2148 militum
448 2084 573 2149 animos
596 2105 662 2148 non
684 2088 812 2150 tantum
836 2108 856 2150 a
879 2084 1070 2152 confusione
1094 2107 1142 2150 re-

75 2187 108 2236 2ο
128 2173 243 2255 traxit,
267 2172 323 2237 sad
346 2173 486 2256 quadam
509 2173 608 2236 etiam
632 2194 688 2257 spe
711 2173 879 2259 utilitatis,
907 2196 989 2259 quae
1012 2175 1044 2239 id
1069 2197 1144 2241 con-

127 2261 236 2326 silium
260 2264 410 2326 secutura
433 2264 532 2340 esset,
555 2261 768 2327 confirmauit.

193 2351 224 2416 3.
248 2349 353 2434 Idem,
376 2371 447 2414 cum
468 2349 639 2415 auxiliares
659 2350 727 2415 eius
746 2351 837 2416 missi
856 2351 897 2416 ab
916 2350 987 2434 ipso
1007 2351 1141 2416 circum·

125 2439 217 2504 uenti
236 2440 278 2504 ab
296 2439 446 2504 hostibus
470 2442 503 2503 et
525 2438 689 2504 interfecti
708 2443 817 2504 essent
839 2443 1082 2525 uetareturque,
1100 2462 1142 2505 na

125 2531 260 2613 propter
291 2528 354 2594 hoc
381 2528 536 2594 damnum
563 2528 735 2594 uniuersus
766 2527 948 2613 trepidaret
975 2529 1142 2609 exercitus,

73 2631 107 2682 25
125 2617 351 2702 pronuntiauit
387 2617 573 2701 auxiliares,
606 2617 662 2701 qui
697 2616 737 2682 ad
770 2617 983 2685 defectionem
1017 2619 1142 2702 conspi-

125 2713 265 2788 rassent,
297 2706 435 2772 consilio
469 2729 489 2770 a
517 2727 551 2771 se
583 2707 618 2772 in
647 2706 719 2772 loca
750 2706 862 2790 iniqua
895 2706 1063 2773 deductos:
1095 2708 1143 2773 ita

199 2886 213 2934 1
232 2879 351 2934 inclausi
371 2879 414 2934 11¹
430 2883 435 2947 1
451 2879 719 2936 animaduertissent
736 2880 788 2948 ΗΙ
813 2887 829 2936 3
847 2879 922 2936 inter
940 2897 990 2937 om.
1010 2880 1055 2935 Ηι
1075 2884 1080 2951 Ι
1100 2881 1141 2936 in·

124 2953 168 3005 ter
187 2953 281 3006 cetera
298 2953 450 3020 praecepta
467 2953 506 3020 dl
531 2957 549 3005 4
567 2949 763 3021 portmacriter
780 2951 846 3019 H¹l
871 2956 888 3006 t
907 2969 942 3007 ne
961 2968 1013 3009 om.
1031 2953 1084 3022 ΗΙ
1109 2968 1143 3008 ea

124 3039 154 3077 rs
176 3021 258 3077 Goeta
276 3039 293 3076 a
312 3038 342 3076 se
361 3023 396 3074 H
400 3023 428 3075 P
444 3023 504 3077 acie
525 3022 595 3078 Orod.
614 3038 664 3092 spe
682 3023 867 3091 conbcmaml
897 3039 931 3078 ex
949 3039 999 3080 om.
1018 3023 1062 3078 Η1
1091 3026 1095 3091 Ι
1126 3029 1142 3077 6

124 3095 209 3149 uerba
232 3110 289 3147 non
308 3123 340 3133 —
360 3094 483 3149 uictores
501 3093 564 3149 eicit
584 3093 668 3148 Oud:
691 3094 725 3160 cf.
742 3095 833 3163 praef.
853 3094 874 3165 ,d
893 3100 911 3151 9
940 3098 945 3161 l
974 3112 1037 3150 cum
1058 3095 1143 3150 sciret

124 3166 187 3220 add.
207 3166 226 3219 d
243 3166 322 3218 ratus
340 3166 405 3219 add.
424 3165 483 3219 cdd.
501 3166 506 3233 Ι
529 3170 544 3218 'l
562 3162 750 3235 fugientibus]
769 3163 892 3233 fumanti
910 3165 963 3220 sibi
981 3165 1052 3221 Ded.

195 3241 212 3291 8
230 3237 342 3290 titulum
361 3252 412 3290 om.
433 3235 465 3290 H
471 3235 480 3266 ¹
505 3237 509 3304 Ι
539 3241 555 3290 9
574 3235 684 3290 Tullius
703 3235 732 3290 P
753 3239 758 3304 l
784 3242 818 3291 1o
836 3238 984 3292 uehientes
1001 3236 1066 3290 ΗΡ
1108 3241 1141 3290 12

123 3307 317 3375 pronuntiauit
334 3307 368 3360 Η
390 3306 394 3378 Ι
421 3312 453 3361 13
473 3305 708 3361 circumuenirent
726 3309 769 3372 dl
797 3313 830 3361 14
848 3308 1028 3363 uehientibus
1088 3307 1139 3377 ΡΙ

125 3383 158 3432 16
178 3377 251 3446 sylla
269 3378 303 3431 H
328 3377 393 3432 silla
411 3377 456 3446 ΡΙ
483 3383 515 3432 17
534 3375 655 3448 proelio]
674 3377 731 3432 alio
750 3379 802 3446 ΗΙ
827 3380 924 3433 hostes
942 3380 979 3445 bl
1001 3385 1142 3446 201111111-

113 3446 255 3571 deappDHl
272 3455 321 3518 spe
335 3449 353 3502 b
369 3451 373 3518 Ι
390 3455 422 3503 21
438 3447 615 3504 consumauit
631 3449 658 3502 P
677 3454 681 3517 1
701 3453 736 3503 26
755 3448 904 3504 auxiliares
922 3450 941 3503 b
959 3448 1142 3504 auxiliaribus
