2468 3832
148 137 191 202 48
352 136 429 193 IULI
448 134 624 192 FRONTINI
645 134 966 192 STRATEGEMATON

149 305 182 365 et
201 322 240 364 ex
259 304 395 384 utraque
419 304 512 383 parte
536 320 756 383 compressum
779 299 904 366 cecidit.
942 303 1108 381 [ueterano
1131 305 1163 364 et

149 389 204 453 diu
228 389 341 454 edocto
365 410 443 453 usus
463 387 617 452 exercitu:
642 387 703 453 hoc
723 387 809 452 enim
827 409 928 474 genus
947 389 1162 454 ordinationis

149 479 281 561 exsequi
308 478 372 542 nisi
400 477 524 561 peritus
553 479 586 540 et
614 474 655 540 ad
684 498 778 541 omne
805 481 1004 542 momentum
1032 499 1163 560 respon·

150 567 228 631 dens
251 567 345 630 miles
368 565 423 630 uix
446 566 578 648 potest]

115 674 130 722 5
217 655 247 720 8.
277 655 389 719 Liuius
419 651 583 719 Salinator
610 657 643 717 et
670 651 825 718 Claudius
853 652 955 736 Nero,
985 675 1058 718 cum
1082 652 1163 718 Has-

150 743 265 808 drubal
294 743 379 808 bello
402 742 524 807 Punico
554 742 692 807 secundo
722 741 911 807 decernendi
934 743 1163 807 necessitatem

150 833 276 896 euitans
300 831 334 897 in
358 830 439 895 colle
463 830 656 915 confragoso
678 833 755 915 post
777 830 890 895 uineas
910 830 1012 895 aciem
1031 832 1162 896 direxis-

150 924 212 1004 set,
244 920 308 1004 ipsi
342 919 480 984 diductis
511 919 545 984 in
572 921 677 984 latera
704 919 829 984 uiribus
857 941 961 984 uacua
988 919 1095 984 fronte
1124 942 1163 984 ex

149 1013 284 1092 utraque
311 1012 404 1093 parte
428 1009 707 1074 circumuenerunt
730 1030 804 1073 eum
827 1010 923 1092 atque
946 1007 993 1072 ita
1016 1008 1163 1093 adgressi

98 1117 130 1166 10
150 1103 355 1181 superarunt.

217 1186 247 1250 9.
277 1186 458 1269 Hannibal,
485 1208 558 1251 cum
580 1184 804 1270 frequentibus
826 1185 960 1269 proeliis
984 1208 1003 1249 a
1026 1183 1163 1250 Claudio

113 1269 117 1278 ’
149 1274 304 1340 Marcello
328 1278 547 1359 superaretur,
569 1274 746 1339 nouissime
770 1273 816 1338 sic
840 1277 948 1338 castra
970 1274 1164 1357 metabatur,

149 1367 187 1428 ut
215 1368 272 1428 aut
304 1364 471 1428 montibus
504 1366 561 1426 aut
591 1362 765 1445 paludibus
799 1366 856 1426 aut
889 1362 989 1426 simili
1016 1363 1164 1428 locorum

150 1452 260 1534 aliqua
288 1449 532 1534 opportunitate
558 1450 686 1515 adiutus
710 1449 812 1514 aciem
836 1469 874 1513 eo
896 1449 993 1514 modo
1018 1452 1164 1516 conloca-

99 1542 213 1621 roret,
236 1542 273 1603 ut
295 1538 500 1604 uincentibus
524 1538 652 1622 quidem
677 1536 832 1602 Romanis
854 1558 956 1622 paene
980 1538 1165 1604 indemnem

150 1627 292 1711 recipere
310 1631 422 1711 posset
439 1626 528 1692 intra
546 1627 747 1692 munimenta
765 1625 939 1691 exercitum
944 1676 953 1711 ‚
977 1628 1163 1693 cedentibus

151 1720 260 1781 autem
282 1715 426 1781 instandi
449 1715 587 1780 liberum
611 1715 747 1780 haberet
770 1715 950 1781 arbitrium.

220 1805 269 1870 102
293 1804 501 1889 Xanthippus
525 1804 797 1870 Lacedaemonius
821 1805 856 1870 in
874 1804 986 1870 Africa
1010 1805 1164 1870 aduersus

150 1893 193 1960 M.
210 1894 348 1958 Atilium
371 1893 534 1979 Regulum
557 1893 664 1958 leuem
687 1897 887 1958 armaturam
909 1894 944 1958 in
966 1893 1073 1978 prima
1096 1895 1163 1959 acie

97 2003 132 2052 20
151 1983 347 2067 conlocauit,
379 1983 414 2047 in
442 1981 587 2047 subsidio
616 1986 725 2047 autem
753 1981 852 2047 robur
884 1984 1042 2048 exercitus
1074 2005 1163 2067 prae·

151 2072 298 2155 cepitque
327 2070 554 2154 auxiliaribus,
582 2075 619 2136 ut
643 2071 769 2135 emissis
797 2069 874 2145 telis
902 2071 1053 2136 cederent
1076 2072 1164 2136 hosti

152 2164 197 2242 et,
216 2181 289 2224 cum
308 2181 343 2224 se
362 2159 449 2223 intra
468 2181 601 2224 suorum
620 2159 748 2224 ordines
767 2159 974 2242 recepissent,
993 2159 1164 2225 confestim

150 2248 184 2311 in
212 2248 316 2312 latera
343 2247 560 2313 discurrerent
588 2251 621 2312 et
648 2268 668 2310 a
695 2246 847 2312 cornibus
875 2268 986 2311 rursus
1019 2269 1164 2333 erumpe-

150 2340 237 2401 rent:
262 2341 494 2422 exceptumque
512 2336 578 2401 iam
596 2335 725 2400 hostem
744 2357 764 2400 a
781 2334 1020 2400 robustioribus
1045 2338 1077 2399 et
1100 2336 1164 2420 ipsi

98 2444 131 2493 aa
151 2426 387 2490 circumierunt

219 2516 284 2595 [11.
309 2512 470 2579 Sertorius
484 2513 569 2578 idem
584 2514 618 2578 in
631 2512 793 2596 Hispania
807 2512 962 2578 aduersus
974 2512 1163 2598 Pompeium

150 2602 250 2684 fecit]

220 2692 270 2757 12.
298 2689 508 2757 Cleandridas
536 2690 810 2757 Lacedaemonius
839 2690 993 2756 aduersus
1016 2689 1163 2757 Lucanos

151 2780 286 2844 densam
318 2780 475 2845 instruxit
506 2780 622 2864 aciem,
654 2783 692 2844 ut
717 2781 815 2864 longe
843 2779 978 2845 minoris
1006 2779 1163 2845 exercitus

99 2887 133 2937 30
152 2870 291 2953 speciem
324 2869 511 2952 praeberet:
544 2869 664 2933 securis
697 2868 811 2933 deinde
842 2868 992 2934 hostibus
1025 2869 1060 2932 in
1091 2869 1162 2951 ipso

224 3015 237 3062 1
258 3010 343 3063 uerba
361 3011 495 3063 ueterano
513 3036 547 3048 -
566 3008 660 3076 potest
677 3006 756 3062 akei:
774 3007 809 3073 cf.
825 3007 915 3075 praef.
934 3005 986 3077 §9
1003 3008 1007 3072 Ι
1023 3010 1041 3058 4
1059 3005 1164 3060 milites

151 3079 186 3134 H
188 3079 196 3110 ¹
212 3084 216 3150 Ι
238 3086 253 3134 5
272 3079 303 3132 L.
319 3078 403 3133 liuius
418 3078 489 3147 HP,
508 3093 576 3133 corr.
596 3078 635 3147 dl
652 3075 951 3203 011111ἁί111ὲώἩῆ
967 3074 1092 3131 astmbal
1106 3076 1141 3129 H

152 3158 167 3205 6
187 3150 351 3206 decertandi
364 3151 423 3206 edd.
440 3153 477 3219 18
496 3148 555 3220 ipse
572 3148 607 3203 H
619 3151 623 3218 Ι
639 3148 768 3204 deductis
830 3151 834 3216 Ι
851 3153 885 3203 10
904 3147 1138 3217 superaueruutd

153 3226 185 3275 12
205 3221 371 3278 macercello
390 3221 425 3275 H
445 3226 449 3288 Ι
473 3221 632 3276 metebatur
650 3219 685 3274 H
709 3219 897 3275 meditabatur
918 3218 953 3285 P,
971 3233 1040 3274 corr.
1060 3218 1103 3285 dt
1131 3223 1164 3272 18

150 3292 310 3363 Xantippus
320 3293 348 3346 P
362 3295 367 3361 1
383 3298 416 3346 21
432 3291 584 3347 excussisti
600 3295 604 3360 Ι
621 3291 805 3360 metipsum
815 3289 851 3344 H
862 3291 867 3356 1
883 3293 917 3343 25
927 3288 1162 3359 circumirentPl

151 3369 186 3418 26
196 3365 346 3434 exemplum
356 3365 490 3420 alanum:
504 3364 636 3432 cfiproef.
646 3361 693 3435 §9
710 3364 714 3430 Ι
730 3368 765 3417 28
776 3358 1006 3418 CleandriasOH
1018 3361 1024 3429 Ι
1039 3359 1164 3415 licaonas

150 3434 225 3501 (1ea
242 3454 261 3489 u
284 3451 340 3490 rac.
358 3436 447 3504 facta)
465 3434 501 3489 H
529 3435 661 3504 lycaones
680 3434 719 3502 P,
747 3447 815 3488 corr.
837 3430 953 3487 cuasa
977 3446 1010 3485 aa
1033 3431 1164 3502 Polyoea

148 3509 180 3570 2,
192 3509 273 3571 10,AE
297 3507 302 3573 Ι
328 3511 362 3561 30
382 3505 525 3578 securissll
540 3509 610 3573 (aaa
629 3506 680 3560 titt.
698 3506 790 3571 crosa)
809 3502 844 3556 H
