2468 3832
435 121 546 176 niune
563 121 584 175 Ι.
614 121 691 179 CAP.
710 127 789 178 4—5.
1078 122 1120 186 15

107 287 324 371 appellantur,
347 283 596 369 transnauigare
619 287 753 366 propter
772 283 1021 350 Atheniensium
1040 286 1120 350 olas·

107 398 184 459 sem,
202 395 284 459 quae
303 373 584 457 opportunitatem
603 372 668 436 loci
686 371 899 457 custodiebat,
916 395 983 438 non
1000 377 1120 457 posset,

106 464 235 547 scripsit
253 461 432 545 Antipatro
452 460 625 525 Thraciam
648 460 821 544 rebellare,
844 460 1019 544 praesidiis
1037 484 1119 546 quae

105 552 153 617 ibi
175 551 351 639 reliquerat
373 549 575 633 interceptis:
599 549 958 633 sequereturomnibus
982 552 1119 616 omissis.

106 661 188 724 quae
216 644 254 703 ut
281 638 439 723 epistulae
466 637 735 721 interciperentur
767 638 809 702 ab
839 638 948 721 hoste,
980 639 1154 704 curauitzs

106 728 337 810 Athenienses,
365 749 485 792 arcana
508 725 722 791 Macedonum
748 726 912 810 excepisse
935 725 1011 809 uisi,
1039 727 1119 792 elas-

107 838 175 881 sem
199 815 416 901 abduxerunt3
439 814 612 898 Philippus
630 815 722 880 nullo
741 815 934 898 prohibente
953 816 1120 900 angustias

105 905 181 969 freti
204 904 365 970 liberauit.

176 994 247 1059 13a.
269 992 372 1076 Idem,
385 991 461 1075 quia
475 989 741 1075 Cherronessum,
754 1013 836 1075 quae
850 991 931 1056 iuris
946 991 1120 1056 Athenien-

107 1083 191 1147 sium
206 1085 285 1163 erat,
304 1101 463 1164 occupare
480 1079 722 1163 prohibebatur,
740 1080 928 1145 tenentibus
946 1081 1119 1146 transitum
1140 1099 1173 1147 10

106 1193 172 1234 non
195 1166 437 1253 Byzantiorum
454 1170 598 1253 tantum,
625 1167 682 1232 sed
705 1166 907 1234 Rhodiorum
934 1191 1060 1254 quoque
1088 1173 1121 1234 et

107 1255 264 1322 Chiorum
286 1256 438 1340 nauibus,
461 1256 648 1322 conciliauit
671 1256 798 1321 animos
822 1278 934 1321 eorum
956 1257 1119 1322 reddendo

106 1367 217 1425 naues,
231 1368 310 1431 quas
323 1348 463 1429 ceperat,
476 1345 569 1429 quasi
584 1349 764 1429 sequestres
779 1345 908 1410 futuros
923 1344 1120 1410 ordinandae

106 1435 196 1519 pacis
218 1435 304 1498 inter
327 1455 361 1498 se
380 1437 478 1518 atque
496 1433 689 1518 Byzantios,
713 1434 769 1518 qui
792 1455 891 1499 causa
912 1433 992 1498 belli
1014 1437 1119 1499 erant:

105 1528 274 1608 tractaque
297 1544 356 1606 per
378 1543 533 1607 magnum
560 1527 689 1607 tempus
716 1523 952 1608 postulatione,
983 1545 1056 1588 cum
1080 1523 1120 1586 de
1139 1539 1172 1588 15

105 1612 265 1677 industria
298 1610 434 1676 subinde
467 1611 590 1695 aliquid
619 1612 653 1676 in
681 1612 923 1676 condicionibus
950 1616 1120 1691 retexeret,

105 1702 242 1766 classem
265 1721 324 1785 per
346 1698 379 1763 id
401 1703 531 1782 tempus
550 1699 759 1783 praeparauit
777 1721 877 1785 eaque
895 1701 931 1764 in
950 1701 1119 1785 angustias

104 1790 180 1854 freti
202 1790 353 1872 inparato
376 1787 470 1851 hoste
494 1788 621 1852 subitus
645 1788 757 1852 euasit.

120 1952 123 1956 Α
174 1878 226 1942 14.
256 1874 414 1941 Chabrias
442 1873 667 1956 Atheniensis,
694 1895 768 1939 cum
795 1873 882 1938 adire
906 1879 1042 1958 'portum
1065 1873 1120 1939 Sa·

105 1965 246 2029 mierum
266 1964 417 2028 obstante
435 1963 547 2028 nauali
564 1961 709 2028 hostium
731 1962 893 2045 praesidio
913 1985 982 2028 non
1000 1967 1120 2047 posset,
1138 1981 1172 2031 20

105 2074 225 2136 paucas
254 2073 271 2116 e
296 2051 363 2139 suis
390 2051 530 2117 nauibus
557 2054 687 2135 praeter
713 2054 844 2134 portum
876 2051 992 2117 missas
1024 2051 1120 2117 iussit

106 2141 261 2223 transire,
284 2140 474 2224 arbitratus,
503 2140 616 2224 quiin
640 2139 780 2205 statione
804 2144 909 2225 erant,
936 2144 1119 2225 persecutu-

105 2251 173 2294 ros:
196 2227 312 2313 hisque
330 2251 389 2312 per
407 2229 469 2294 hoc
488 2229 661 2295 consilium
679 2229 835 2313 auocatis,
855 2230 949 2295 nullo
969 2231 1119 2296 obstante

105 2321 236 2401 portum
260 2339 332 2383 eum
355 2319 479 2402 reliqua
502 2317 638 2402 adeptus
663 2322 713 2383 est
735 2317 846 2383 classe.

207 2543 240 2598 V.
268 2544 317 2597 DE
335 2543 537 2599 EVADENDO
556 2542 607 2597 EX
624 2542 728 2598 LOCIS
747 2543 1011 2600 DIFFICILLIMIS.
1138 2555 1170 2603 25

175 2669 203 2735 1.
227 2668 263 2744 C.
279 2667 441 2734 Sertorius
464 2669 500 2732 in
522 2668 695 2752 Hispania,
719 2691 791 2733 cum
815 2692 834 2734 a
856 2673 950 2755 tergo
975 2670 1118 2735 instante

103 2757 198 2822 hoste
222 2757 342 2821 flumen
365 2757 501 2822 traicere
524 2757 673 2842 haueret,
694 2758 819 2823 uallum
842 2759 877 2823 in
899 2759 972 2843 ripa
993 2759 1060 2825 eius
1083 2759 1119 2824 in

104 2915 232 2984 Cyaneae
250 2916 309 2970 cdd.
338 2914 490 2984 Abydenae
512 2913 597 2983 Oud.;
625 2915 660 2982 cs.
686 2916 776 2985 praef.
795 2915 816 2987 ,ς
834 2919 870 2970 14
893 2916 902 2983 l
921 2922 939 2970 4
961 2915 1118 2971 interfectis

102 2986 256 3054 Herelius!
280 2986 313 3038 ut
332 3003 407 3054 sequ.
422 2987 468 3051 ΡΙ
495 2991 602 3054 oquae
621 3003 636 3041 e
658 3028 664 3041 .
684 2987 717 3039 ut
735 2985 820 3057 edd..l
844 2985 1014 3056 tangustiis
1029 2985 1064 3039 Η
1102 2993 1117 3041 9

104 3057 170 3124 quia
188 3057 222 3110 Η
226 3057 255 3110 Ρ
280 3072 344 3111 cum
362 3057 398 3125 d;
416 3057 450 3123 cf.
469 3061 514 3125 13,
529 3060 568 3114 28
590 3060 594 3122 Ι
619 3005 830 3113 cherronessum
853 3058 978 3125 (cheron.
996 3058 1033 3125 P)
1084 3059 1119 3124 P,

103 3129 137 3195 cf.
152 3131 181 3196 2,
196 3133 223 3196 5,
233 3131 270 3182 42
296 3130 300 3195 Ι
331 3133 364 3182 10
383 3127 579 3197 prohiberetur
592 3126 667 3194 ΗΡ,
686 3145 755 3184 corr.
774 3130 808 3194 d;
826 3130 970 3196 cf.16,24
989 3131 994 3196 Ι
1025 3133 1057 3182 11
1077 3127 1119 3181 bi·

102 3200 225 3253 zantium
238 3199 309 3266 ΗΡ,
328 3215 398 3254 corr.
418 3200 456 3266 dl
478 3204 511 3252 13
530 3198 638 3254 futuras
657 3201 696 3267 dl
718 3206 752 3254 14
769 3199 907 3254 bizantios
925 3199 1009 3268 ΗΡΙ
1032 3202 1064 3253 15
1084 3199 1118 3254 de

103 3285 153 3324 om.
172 3270 219 3340 Pl
246 3276 278 3324 16
297 3271 438 3325 retexeret
455 3285 505 3324 om.
520 3268 555 3322 H
557 3269 565 3300 ¹
586 3273 590 3339 Ι
616 3275 649 3325 18
668 3269 774 3326 inuasit
787 3271 887 3327 Hartel
903 3272 908 3339 Ι
926 3276 958 3324 19
978 3271 1119 3325 saniorum

104 3339 139 3394 H
154 3346 217 3396 aute
235 3356 304 3396 corr.
326 3343 330 3410 Ι
354 3346 388 3395 13
406 3340 497 3409 iisque
516 3341 575 3395 edd.

178 3415 212 3466 25
236 3411 282 3483 ex]
309 3412 344 3466 de
362 3411 398 3466 H
419 3415 423 3480 Ι
448 3418 482 3467 17
506 3412 624 3466 haueret
649 3412 749 3468 Παντεῖ
779 3412 897 3468 haberet
915 3411 980 3466 ΗΡ
1004 3429 1118 3468 necesse

103 3480 221 3536 haberet
240 3482 325 3551 Oud.;
350 3499 388 3538 aa
405 3481 593 3538 traiciendum
611 3483 729 3538 haberet
746 3482 762 3538 ἓ
780 3484 815 3552 cf.
832 3484 925 3554 praes.
944 3482 1021 3552 §14
