2468 3832
455 576 555 649 ion
583 575 819 650 erronum

273 769 1002 923 STRATEGEMATON

453 984 576 1044 LIBER
599 983 817 1046 SECUNDUS.

194 1174 373 1260 Dispositis
406 1175 512 1260 primo
544 1174 630 1240 libro
663 1175 821 1259 exemplis
853 1174 1077 1258 instructoris,
1109 1179 1146 1240 ut

93 1281 109 1330 5
128 1287 201 1330 mee
219 1264 285 1329 fert
303 1263 424 1347 opinio,
439 1263 554 1328 ducem
571 1263 606 1328 in
624 1262 686 1347 his,
700 1285 782 1349 quae
802 1266 877 1328 ente
892 1263 1146 1348 <eom>missum

127 1352 288 1437 proelium
312 1351 439 1436 agenda
463 1355 551 1436 sunt,
580 1351 730 1436 deinceps
753 1351 924 1417 reddemus
947 1353 1145 1436 pertinentia

129 1441 170 1506 ad
193 1462 244 1525 ee,
272 1462 353 1524 quae
377 1441 412 1504 in
435 1440 507 1524 ipso
530 1441 653 1524 proelio
678 1440 732 1526 egi
756 1441 876 1523 solent,
904 1441 938 1504 et
960 1439 1074 1505 deinde
1099 1463 1145 1525 ea,

129 1551 212 1614 qnae
235 1533 311 1612 post
333 1529 503 1614 proelium.

194 1618 332 1696 Eorum,
357 1639 438 1702 quse
462 1618 503 1683 ed
524 1617 687 1703 proelium
708 1617 888 1702 pertinent,
912 1615 1034 1700 speeies
1054 1621 1144 1682 sunt:

77 1722 110 1772 10
257 1707 281 1771 Ι.
304 1706 354 1771 De
377 1712 525 1791 tempore
549 1706 590 1771 ed
612 1726 758 1792 pugnam
781 1704 937 1791 eligendo.
1042 1721 1046 1725 ’

239 1794 280 1861 ΙΙ.
302 1794 352 1860 De
374 1797 447 1861 loeo
472 1795 512 1860 ad
535 1814 679 1880 pugnem
703 1794 862 1881 eligendo.

220 1882 279 1949 ΙΙΙ.
302 1884 351 1950 De
375 1885 444 1949 eeie
467 1883 656 1949 ordinanda.

203 1971 280 2037 ΠΙΙ.
303 1971 352 2036 De
375 1973 443 2037 eeie
466 1971 612 2037 hostium
634 1971 804 2036 turbanda.

241 2059 280 2124 V.
303 2059 353 2124 De
375 2058 512 2124 insidiis.

77 2165 110 2216 15
225 2146 281 2213 VI
303 2146 353 2212 De
377 2147 554 2213 emittendo
577 2148 684 2229 hoste,
707 2169 747 2211 ne
769 2149 897 2213 clausus
921 2149 1081 2234 proelium
1106 2170 1145 2213 ex

342 2236 566 2320 desperatione
589 2234 798 2321 redintegret.

208 2323 281 2388 VII.
304 2323 353 2388 De
376 2323 619 2389 dissimulandis
644 2323 798 2391 eduensis.

190 2410 282 2478 VIH.
305 2413 354 2479 De
377 2413 578 2478 restituenda
600 2434 659 2499 per
682 2413 900 2480 constantiam
924 2414 1003 2480 acie.

194 2501 318 2568 Eorum
346 2501 473 2586 deinde,
501 2524 584 2586 qnae
611 2505 688 2588 post
714 2502 876 2587 proelium
904 2502 1031 2588 agenda
1059 2505 1145 2588 sunt,

77 2608 111 2658 20
128 2590 188 2656 hes
213 2613 282 2656 esse
306 2591 428 2675 speeies
452 2591 722 2656 existimauerim:

172 2678 281 2744 VIIII.
305 2677 339 2744 Si
367 2701 419 2745 res
447 2701 601 2766 prospere
634 2681 781 2763 cesserit,
813 2679 852 2744 de
881 2680 1145 2745 consummandis

341 2767 487 2853 reliquiis
510 2768 596 2833 belli.

201 2930 216 2980 1
236 2923 343 2980 SEXTI
356 2923 446 2979 IULII
459 2923 637 2980 ERCNTINI
651 2922 976 2981 STRATEGEMATON
990 2923 1102 2980 LIBER
1116 2923 1145 2980 .1.

128 2994 298 3051 EXPLICIT
318 3037 324 3050 .
344 2994 483 3050 INCIPIT
510 2993 673 3051 EIUSDEM
697 2995 807 3050 LIBER
830 2994 873 3051 .Π.
895 2995 1089 3051 FELICITER
1111 2995 1146 3064 P,

128 3068 240 3124 titulum
264 3084 315 3124 om.
335 3067 411 3135 CH;
439 3067 474 3134 ef.
490 3067 581 3136 praef.
600 3066 622 3138 5
640 3073 659 3123 8
682 3065 688 3136 Ι
713 3073 730 3122 5
749 3066 932 3124 commissum
950 3067 1010 3122 edd.
1038 3066 1147 3121 iussum

129 3137 224 3192 GHP
247 3138 354 3193 iustum
371 3139 416 3193 uel
434 3137 565 3208 ipsumd
592 3136 694 3193 initum
713 3137 795 3208 Seu}
821 3145 837 3194 6
856 3136 1009 3206 pertinetie
1028 3136 1084 3205 ΗΙ
1111 3140 1144 3189 10

128 3210 212 3264 iudeo
225 3210 369 3265 titulorum
378 3211 427 3275 (10
435 3239 468 3249 -
471 3225 502 3278 p.
519 3212 563 3276 39,
573 3211 602 3276 5)
619 3210 690 3264 deest
702 3210 735 3264 iu
746 3209 792 3279 G}
809 3207 939 3277 eligendo
949 3206 994 3262 Η1
1009 3209 1015 3276 Ι
1031 3211 1066 3261 15
1079 3205 1146 3261 mit-

127 3279 213 3333 tendo
232 3279 268 3333 H
289 3285 353 3336 ante
376 3296 446 3336 corr.
472 3279 478 3350 Ι
506 3283 541 3334 20
561 3279 784 3335 existimenennt
802 3279 837 3334 H
857 3281 862 3347 1
890 3283 924 3333 21
951 3276 1071 3347 gesserit
1088 3276 1143 3347 HI

127 3355 163 3404 22
181 3349 298 3419 reliquis
316 3351 360 3419 H,
378 3352 442 3406 diem
454 3367 485 3421 p.
501 3354 547 3417 79,
561 3355 597 3406 19
618 3353 622 3420 Ι
640 3356 704 3420 post
721 3349 791 3406 belli
808 3350 956 3419 empserat
973 3347 1019 3405 H.-
1037 3347 1145 3404 Dereti-

129 3419 242 3487 nendis,
260 3422 334 3491 quod
351 3426 443 3478 mmm
460 3422 561 3478 deleuit
578 3423 671 3478 eadem
688 3436 788 3478 monus
