2468 3832
423 723 521 795 rum
549 723 784 795 rnonrrnr

248 915 965 1014 STRATEGEMATON

455 1131 578 1190 LIBER
600 1130 757 1190 PRIMUS.

168 1319 250 1386 Cum
275 1321 317 1385 ad
339 1320 563 1390 instruendam
587 1321 635 1384 rei
658 1319 810 1385 militaris
840 1319 1008 1384 scientiam
1031 1341 1114 1384 unus

101 1432 140 1474 ex
153 1431 287 1474 numero
308 1409 528 1474 studiosorum
547 1411 615 1474 eius
631 1410 822 1474 accesserim
837 1409 929 1492 cique
943 1407 1116 1492 destinato,
1135 1425 1151 1473 5

101 1501 260 1584 quantum
293 1519 370 1563 cura
402 1501 516 1562 nostra
546 1499 663 1582 ualuit,
696 1497 893 1562 satisfecisse
924 1497 1015 1561 uisus
1046 1498 1116 1578 sim,

102 1587 217 1650 deberi
241 1585 345 1650 adhuc
372 1586 541 1650 institutae
572 1587 713 1650 arbitror
745 1608 875 1669 operae,
906 1590 944 1649 ut
973 1585 1118 1649 sollertia

101 1675 218 1739 dueum
236 1675 334 1757 facta,
353 1695 434 1756 quae
454 1672 619 1738 aGraecis
637 1695 702 1737 una
721 1673 988 1752 ετρατηγημάτων
1008 1675 1117 1756 appel-

101 1763 223 1827 latione
242 1762 475 1846 comprehensa
492 1765 576 1842 sunt,
590 1761 749 1844 expeditis
764 1761 942 1844 amplectar
957 1782 1117 1824 commen-

101 1851 205 1914 tariis.
250 1851 299 1914 ita
327 1850 413 1913 enim
441 1849 571 1914 consilii
598 1871 725 1934 quoque
753 1853 786 1914 et
813 1849 1035 1932 prouidentiae
1064 1872 1117 1913 ex·
1138 1868 1171 1916 10

103 1938 219 2022 emplis
248 1937 403 2002 succincti
431 1938 528 2003 duces
557 1941 663 2023 erunt,
695 1939 781 2003 undo
812 1938 879 2001 illis
913 1937 1119 2023 excogItandi

103 2026 343 2112 generandique
363 2027 483 2092 similia
500 2027 640 2092 facultas
659 2028 838 2109 nutriatur;
857 2030 1025 2110 praeterea
1045 2049 1118 2092 con·

102 2116 223 2200 tinget,
254 2137 295 2179 ne
324 2116 362 2179 de
391 2120 509 2180 euentu
536 2116 678 2201 trepidet
710 2116 907 2181 inuentionis
941 2139 1031 2200 suae,
1064 2117 1120 2200 qui

103 2205 251 2288 probatis
276 2226 345 2268 earn
371 2206 599 2289 experimentis
623 2206 835 2288 comparabit.

169 2291 256 2357 Illud
278 2314 381 2377 neque
405 2294 522 2376 ignoro
545 2315 649 2378 neque
673 2294 809 2377 infitior,
834 2297 868 2358 et
885 2315 994 2357 rerum
1012 2296 1118 2377 gesta·
1140 2310 1172 2358 15

103 2403 176 2445 rum
191 2381 365 2464 scriptores
384 2381 537 2466 indagine
553 2383 660 2465 operis
680 2383 731 2446 sui
749 2382 833 2446 hanc
848 2403 975 2465 quoque
993 2384 1119 2464 partem

103 2491 175 2533 esse
200 2469 385 2551 complexos
404 2472 437 2532 et
456 2470 497 2532 ab
517 2470 703 2534 auctoribus
723 2471 945 2553 exemplorum
965 2469 1120 2553 quidquid

102 2555 232 2640 insigne
261 2555 371 2638 aliquo
399 2556 494 2620 modo
522 2555 586 2620 fuit
612 2557 779 2621 traditum.
825 2557 895 2640 sed,
928 2560 965 2621 ut
997 2559 1121 2640 opinor,

104 2643 272 2728 occupatis
300 2644 473 2709 uelocitate
498 2645 751 2711 consolidabat.
792 2645 928 2730 longum
952 2650 1002 2710 est
1025 2645 1120 2726 enim,

105 2733 234 2818 singula
263 2735 296 2796 et
324 2755 439 2817 sparsa
465 2756 524 2818 per
550 2735 734 2799 inmensum
762 2755 878 2818 corpus
908 2734 1120 2799 historiarum
1139 2751 1174 2800 20

178 2931 192 2978 1
221 2924 272 2978 EX
299 2923 417 2977 LIBRIS
441 2924 529 2978 IULII
555 2925 735 2981 FRONTINI
759 2923 1127 2980 STRATEGEMATONO

107 3011 315 3067 PRAEFATIO
343 3012 550 3067 FRONTONIS
577 3014 643 3069 LIB.
667 3014 687 3067 I.
713 3015 753 3083 G,
780 3015 892 3068 titulum
916 3031 966 3069 om.
985 3014 1059 3080 HP;
1086 3016 1121 3081 cf.

106 3083 230 3154 proefi§
244 3089 263 3138 8
280 3083 451 3148 lcscientia
467 3083 493 3138 G
509 3087 513 3151 1
530 3090 546 3138 6
565 3084 642 3140 uisus
660 3085 713 3139 sim
728 3087 767 3152 H,
785 3087 831 3140 sed
849 3087 898 3140 alt.
917 3091 942 3139 et
960 3087 1042 3141 tertio
1061 3103 1073 3139 s
1091 3089 1123 3140 ia

107 3155 191 3208 raah
206 3162 210 3221 Ι
227 3159 243 3209 8
258 3155 632 3212 (ΤΡΑΤΗΓΗΜΑΤΙΚωΝθ
656 3156 908 3226 strategematioon
923 3157 1068 3227 (strataeg.
1080 3159 1122 3225 H)

107 3225 181 3291 ΗΡ,
200 3242 247 3280 em.
267 3225 326 3282 Sor.
343 3228 347 3293 Ι
364 3225 585 3295 appellationem
605 3226 631 3281 G
656 3226 660 3298 Ι
687 3233 719 3281 11
739 3229 820 3282 erant
838 3227 873 3281 H
887 3232 950 3282 oute
968 3244 1036 3283 corr.
1060 3230 1064 3296 Ι
1091 3234 1123 3283 12

108 3297 278 3366 gerendiquc
297 3298 316 3350 d
341 3298 345 3364 Ι
370 3297 510 3352 nutriatur
529 3314 579 3352 om.
598 3298 642 3352 Η1
663 3297 668 3369 Ι
691 3298 816 3369 contigat
834 3298 869 3352 H
883 3303 947 3353 oute
964 3316 1033 3354 corr.
1059 3305 1067 3367 i
1090 3305 1127 3353 14

110 3368 210 3421 eamd
232 3383 266 3421 ea
284 3366 406 3438 GHP!
433 3373 465 3422 18
484 3369 517 3423 ut
535 3385 585 3423 om.
599 3368 644 3423 H¹

163 3464 303 3507 Frorrxuus
317 3467 352 3510 ad.
368 3466 539 3511 Gundermann.
978 3456 1003 3498 X
