2468 3832
135 127 179 190 40
340 125 415 181 IULI
433 124 610 181 FRONTINI
631 124 954 181 STRATEGEMATON

136 289 312 355 dictatores
340 285 659 372 Carthaginiensium
688 287 805 354 cotidie
839 293 914 352 ante
947 291 1018 372 ipsa
1046 292 1151 354 muni-

136 381 246 442 menta
277 377 499 442 Romanorum
532 376 710 462 dirigerent
748 377 865 460 aciem,
902 378 1019 461 exigua
1050 400 1150 443 manu

135 467 261 532 leuibus
294 466 426 534 adsidue
453 465 586 549 proeliis
618 486 678 548 pro
707 465 795 530 uallo
823 465 1006 531 resistebat
1052 490 1151 552 quam

135 555 400 621 consuetudinem
419 556 648 619 contemnente
665 555 731 617 iam
750 553 875 638 Poeno,
893 555 1027 639 reliquis
1047 559 1148 620 omni-

98 644 195 709 ebus
226 666 284 728 per
312 645 453 728 quietem
481 642 567 706 intra
594 642 717 706 uallum
747 644 964 726 praeparatis,
993 665 1032 708 ex
1060 667 1150 710 more

133 733 272 815 pristino
295 753 368 797 cnm
391 731 503 815 paucis
531 731 728 795 sustentauit
753 731 922 795 incursum
948 732 1148 798 aduersario·

133 843 206 885 rum
235 842 273 886 ac
297 821 393 885 solito
422 819 542 884 diutius
572 819 723 884 detinuit:
753 819 868 903 quibus
896 819 1046 905 fatigatis
1074 827 1150 923 post

134 914 260 974 sextam
288 909 403 972 horam
431 908 500 972 et
490 929 556 972 1am
584 929 619 972 se
647 908 891 997 recipientibus,
922 911 981 990 [et]
1006 931 1078 974 eum
1100 910 1148 975 in·

133 997 205 1061 edia
237 1019 365 1082 quoque
398 996 603 1076 laborarent,
634 1017 692 1079 per
723 1000 869 1061 recentes
903 1019 978 1063 suos
1011 998 1149 1082 hostem,

81 1103 114 1152 10
134 1107 229 1171 quem
252 1084 417 1171 praedicta
439 1047 695 1170 profligaderant
716 1085 935 1170 incommoda,
957 1085 1097 1170 fugauit.

200 1173 229 1239 5.
253 1174 435 1259 Iphicrates
454 1173 676 1256 Atheniensis,
697 1174 773 1257 quia
792 1175 1019 1258 explorauerat
1037 1175 1149 1240 eodem

133 1262 267 1328 adsidue
290 1267 437 1347 tempore
459 1262 571 1327 hostes
596 1263 704 1327 cibum
728 1283 854 1347 capere,
878 1264 1037 1329 maturius
1061 1265 1149 1329 uesci

133 1373 208 1416 suos
241 1353 336 1417 iussit
363 1355 395 1416 et
423 1351 533 1416 eduxit
560 1352 594 1414 in
623 1350 726 1416 aciem
758 1371 989 1437 egressumque
1021 1353 1149 1417 hostem

132 1441 179 1503 ita
213 1440 364 1520 detinuit,
394 1444 432 1504 ut
460 1440 489 1503 ei
515 1460 619 1523 neque
648 1439 843 1524 confligendi
874 1461 980 1523 neque
1009 1441 1149 1505 abeundi

82 1527 226 1592 lederet
262 1529 459 1593 facultatem.
504 1528 659 1593 inclinato
692 1527 806 1592 deinde
838 1528 904 1592 iam
937 1528 988 1593 die
1020 1529 1149 1594 reduxit

134 1638 209 1681 suos
234 1621 267 1680 et
288 1616 501 1681 nihilominus
524 1617 680 1681 inarmis
703 1617 847 1682 retinuit.
883 1617 1014 1701 fatigati
1037 1617 1149 1682 hostes

132 1726 199 1770 non
223 1706 363 1770 statione
386 1706 491 1789 magis
517 1727 614 1789 quam
631 1705 741 1770 inedia
759 1707 873 1770 statim
893 1706 933 1770 ad
952 1726 1062 1770 curam
1080 1727 1149 1770 cor·

132 1795 221 1879 poris
255 1798 287 1859 et
316 1794 424 1859 cibum
458 1795 651 1877 capiendum
683 1793 934 1860 festinauerunt:
966 1794 1148 1878 Iphicrates

131 1905 243 1948 rursus
283 1884 394 1948 eduxit
430 1886 463 1948 et
499 1883 708 1968 incompositi
744 1882 851 1949 hostis
888 1883 1060 1968 adgressus
1098 1887 1148 1946 est

79 1988 112 2036 ιο
132 1977 248 2038 castra.

201 2062 230 2125 6.
262 2060 367 2143 ldem,
399 2082 473 2125 cum
505 2058 660 2124 aduersus
692 2058 967 2126 Lacedaemonios
1000 2060 1149 2144 pluribus

133 2149 245 2212 diebus
265 2152 373 2213 castra
390 2147 572 2213 comminus
595 2145 731 2212 haberet
750 2150 783 2212 et
801 2151 937 2232 utraque
954 2171 1032 2232 pars
1051 2150 1148 2213 certis

131 2237 334 2320 temporibus
349 2236 481 2301 adsidue
498 2236 693 2321 pabulatum
708 2237 934 2322 lignatumque
947 2237 1149 2321 procederet,

133 2325 273 2409 quodam
292 2326 342 2390 die
361 2326 446 2391 milit
432 2329 503 2390 tum
521 2325 636 2390 habitu
656 2345 766 2390 seruos
789 2326 936 2410 lixasque
960 2325 1083 2390 dimisit
1107 2324 1148 2389 ad

79 2429 113 2477 ae
132 2434 342 2498 munera,mr
297 2415 417 2481 miiltes
435 2415 583 2480 retinuit:
607 2418 641 2478 et
658 2435 732 2480 oum
749 2414 862 2480 hostes
882 2414 1020 2516 dispersi
1039 2416 1150 2478 essent

132 2502 173 2566 ad
199 2503 318 2569 similia
341 2526 488 2589 munera,
511 2503 711 2607 expugnauit
733 2507 842 2568 castra
864 2525 975 2568 eorum
994 2502 1147 2568 inermes·

132 2612 193 2674 que
225 2614 298 2656 eum
331 2592 493 2658 fasciculis
523 2594 646 2677 passim
674 2592 714 2658 ad
741 2592 862 2657 tumult
848 2596 918 2656 tum
946 2594 1149 2658 recurrentes

131 2680 226 2745 facile
250 2684 307 2744 aut
330 2682 447 2747 occidit
470 2685 526 2746 aut
549 2682 643 2768 oepit.

201 2769 229 2832 7.
260 2768 435 2855 Verginius
469 2771 582 2836 consul
613 2772 648 2834 in
677 2769 819 2848 Volscis,
852 2790 925 2834 oum
959 2790 1149 2853 procurrere

78 2873 112 2922 30
130 2856 207 2922 host
192 2861 242 2922 tes
266 2857 364 2922 effuse
388 2881 426 2922 ex
449 2859 630 2943 longinquo
654 2858 805 2942 uidisset,
828 2858 992 2943 quiescere
1016 2879 1091 2923 suos
1111 2878 1148 2921 ac

131 2964 345 2974 ——-.--——

206 2996 371 3050 lductcres
388 2995 458 3051 Oad.
476 2996 595 3062 {cartha
578 2994 797 3063 ainiensium(
782 2997 909 3063 (altera
900 3015 910 3051 1
929 3000 1079 3067 expuncta)
1063 2996 1147 3066 )ΗΙ

131 3066 369 3123 4oonsuetudine
387 3067 443 3136 Hl
464 3067 573 3122 binter
639 3071 643 3132 Ι
669 3067 733 3121 8et
751 3069 840 3123 deleat
858 3086 921 3124 cum
940 3070 970 3124 et
988 3071 1074 3137 edd!
1100 3083 1148 3121 eu-

131 3138 232 3194 maeda
250 3137 285 3191 Η
299 3143 363 3194 aute
381 3154 450 3194 corr
477 3140 481 3207 Ι
506 3135 662 3192 trecentis
681 3138 726 3204 ΡΙ
753 3144 786 3192 13
806 3155 1010 3211 aggressusque
1029 3071 1083 3219 Pl!
1115 3143 1149 3191 14

130 3209 255 3263 habendi
273 3208 308 3262 H
329 3211 334 3275 Ι
365 3215 398 3264 17
417 3207 521 3263 insede
538 3208 608 3272 11¹1
634 3215 667 3264 19
686 3225 779 3264 rursus
799 3226 863 3265 suos
881 3209 1059 3276 Euemerl'
1051 3222 1149 3261 meon-

144 3283 210 3347 psot
210 3279 352 3351 uslfspositi
372 3283 437 3348 (eon
455 3282 575 3347 aarum)
594 3279 629 3334 H
649 3281 654 3348 l
679 3285 713 3334 23
736 3280 914 3362 ligatumque
932 3279 978 3332 H¹
1002 3283 1007 3347 1
1036 3284 1071 3332 25
1094 3277 1149 3332 dis·

129 3298 206 3430 berei
224 3353 363 3430 essentd:
381 3352 416 3419 cf.
428 3368 458 3420 p.
474 3354 519 3416 42,
529 3353 569 3406 28
592 3350 791 3421 dispersissent
804 3352 839 3405 H
853 3350 972 3420 dispersi
994 3348 1083 3404 issent
1096 3348 1125 3402 P

131 3419 192 3547 26d
184 3419 356 3547 mletrmisque
372 3422 418 3489 ΡΙ
443 3426 478 3476 30
497 3391 585 3476 elissa
603 3422 648 3489 H,
666 3424 773 3478 correxi
791 3422 894 3476 effusos
907 3418 937 3474 P
950 3424 955 3488 Ι
970 3419 1149 3486 uidisset,

130 3509 157 3549 se
196 3494 433 3548 etiamsed
