2468 3832
393 124 504 180 arasa
521 125 570 181 111.
600 124 678 180 car.
698 130 777 182 s-c.
811 169 815 175 .
1050 124 1093 190 97

80 292 147 356 tem
161 311 254 353 suam
268 289 377 371 uellet,
395 288 464 352 eius
483 287 707 372 desperatione
726 292 851 352 ceteras
870 288 965 352 urbes
983 290 1095 372 petere

81 378 188 462 coepit
212 380 467 461 consecutusque
486 380 544 460 est,
567 379 604 441 ut
626 377 737 441 hostes
760 375 879 440 fiducia
901 376 993 441 uelut
1015 376 1095 442 satis
1169 393 1172 402 ·

80 467 224 531 munitae
247 466 338 531 urbis
367 465 435 529 eius
465 464 506 529 ad
533 465 671 531 tutelam
700 464 839 530 aliarum
862 465 1096 530 dilaberentur:

81 577 144 640 quo
168 554 256 619 facto
279 553 439 619 reuocatis
460 552 532 638 ipse
556 575 668 619 rursus
693 553 844 619 omnibus
869 554 936 617 suis
961 575 1095 620 uacuam

79 664 151 707 eam
176 642 397 707 defensoribus
420 644 514 725 cepit.
1116 641 1131 692 ὖ

147 734 178 796 4.
212 730 381 797 Cornelius
408 731 544 797 Rufinus
572 731 698 809 consul,
727 753 799 796 cum
827 731 992 815 aliquanto
1016 734 1096 795 tem·

81 841 160 903 pore
184 817 328 885 Crotona
350 820 505 906 oppidum
531 819 655 884 frustra
682 819 877 903 obsedisset,
900 819 986 904 quod
1009 820 1096 884 inex·

80 909 256 994 pugnabile
274 909 417 974 faciebat
435 910 610 991 adsumpta
627 909 662 971 iu
680 908 878 991 praesidium
891 908 1096 974 Lucanorum

81 1019 206 1081 manus,
226 999 395 1063 simulauit
409 1020 443 1062 se
458 1000 573 1079 coepto
588 996 752 1062 desistere.
798 997 963 1080 captiuum
984 995 1097 1061 deinde

82 1107 202 1170 magno
225 1085 371 1170 praemio
396 1085 608 1151 sollicitatum
631 1085 722 1148 misit
745 1081 902 1165 Crotona,
925 1085 989 1171 qui,
1013 1089 1095 1150 tam·
1117 1085 1150 1134 10

84 1194 181 1256 quam
206 1195 246 1237 ex
269 1173 415 1239 custodia
438 1173 615 1257 effugisset,
636 1173 799 1258 persuasit
822 1173 1008 1239 discessisse
1031 1173 1097 1239 Ro-

83 1283 213 1327 manos:
241 1262 274 1325 id
297 1284 411 1327 uerum
438 1260 667 1328 Crotonienses
690 1261 841 1328 arbitrati
868 1262 1019 1327 dimisere
1042 1285 1098 1328 au-

82 1350 160 1415 xilia
181 1350 393 1436 destitutique
412 1351 713 1435 propugnatoribus
733 1350 893 1435 inopinati
912 1355 944 1417 et
962 1350 1099 1416 inualidi

83 1439 170 1503 cati
194 1443 277 1504 sunt.

121 1462 179 1594 pb.
212 1527 309 1613 Mago
333 1489 397 1592 dux
420 1525 755 1614 Carthaginiensium,
783 1528 871 1593 uicto
896 1526 953 1594 Cn.
976 1527 1096 1594 Pisone
1116 1528 1150 1576 15

84 1621 117 1680 et
143 1616 178 1681 in
208 1617 348 1702 quadam
375 1620 464 1681 turre
493 1618 719 1700 circumsesso,
751 1617 934 1700 suspicatus
962 1622 1099 1682 uentura

84 1704 113 1769 ei
133 1705 277 1771 subsidia
300 1705 470 1790 perfugam
489 1705 588 1787 misit,
612 1706 667 1789 qui
689 1705 900 1790 persuaderet
924 1705 1099 1789 adpropin-

85 1794 260 1876 quantibus
279 1797 410 1876 captum
429 1794 494 1857 iam
509 1793 675 1857 Pisonem:
699 1814 763 1876 qua
785 1795 912 1858 ratione
935 1794 1099 1858 deterritis

84 1883 130 1946 eis
154 1881 280 1966 reliqua
302 1883 460 1946 uictoriae
483 1881 729 1946 consummauit.

151 1971 181 2035 6.
214 1969 401 2035 Alcibiades
429 1969 465 2033 in
488 1966 613 2052 Sicilia,
641 1991 712 2034 cum
738 1967 958 2053 Syracusanos
983 1990 1098 2053 capere
1118 1969 1152 2019 20

85 2057 192 2136 uellet,
213 2079 251 2121 ex
266 2054 518 2143 Catiniensibus,
542 2057 627 2142 apud
647 2080 727 2144 quos
742 2062 812 2122 tum
832 2057 1008 2123 exercitum
1027 2080 1100 2123 con·

86 2146 225 2230 tinebat,
263 2147 424 2230 quendam
457 2147 644 2231 exploratae
682 2147 846 2211 sollertiae
877 2146 1028 2212 submisit
1059 2146 1100 2212 ad

86 2233 317 2319 Syracusanos.
362 2237 392 2301 is
422 2237 457 2300 in
489 2235 656 2320 publicum
692 2235 865 2302 concilium
897 2236 1099 2301 introductus

85 2325 248 2408 persuasit
270 2325 499 2392 infestissimos
523 2346 593 2391 csse
617 2323 820 2391 Catinienses
842 2325 1099 2390 Atheniensibus

88 2416 133 2495 et,
158 2414 185 2477 si
209 2413 440 2478 adiuuarentur
462 2437 482 2479 a
506 2411 730 2498 Syracusanis,
752 2413 908 2495 futurum,
931 2418 969 2476 ut
992 2413 1099 2496 oppri-
1118 2411 1153 2460 25

86 2507 212 2566 merent
236 2522 290 2566 eos
314 2504 347 2565 et
370 2501 586 2567 Alcibiadem:
611 2524 675 2585 qua
697 2521 732 2564 re
755 2501 887 2566 adducti
905 2499 1101 2584 Syracusani

86 2588 245 2652 uniuersis
264 2589 388 2652 uiribus
404 2586 556 2653 Catinam
572 2589 708 2672 petituri
726 2592 963 2673 processerunt,
986 2589 1101 2653 relicta

86 2676 232 2758 ipsorum
255 2677 344 2761 urbe,
368 2699 464 2761 quam
489 2700 509 2742 a
532 2680 625 2762 tergo
649 2677 781 2742 adortus
800 2677 986 2743 Alcibiades
1011 2677 1101 2742 deso·

86 2765 202 2848 latam,
225 2769 262 2828 ut
285 2769 487 2850 sperauerat,
511 2764 643 2830 adflixit.

158 2997 174 3046 3
189 2993 309 3046 tetulam
323 2991 368 3047 H¹
384 2996 388 3060 Ι
409 3000 425 3049 6
440 2993 538 3048 consul
551 3010 601 3049 om.
615 2992 659 3046 H¹
675 2995 679 3061 Ι
696 2999 710 3048 7
726 2995 862 3048 chrotona
872 2994 907 3061 P,
924 2995 989 3048 item
1001 2994 1081 3060 iufra

86 3063 191 3118 frustra
210 3063 366 3118 obsedisset
384 3067 434 3118 om.
449 3064 514 3133 H¹l
538 3069 571 3117 10
589 3067 649 3118 tam
668 3079 702 3117 ex
720 3065 755 3118 H
773 3066 777 3135 Ι
804 3069 836 3117 11
856 3064 1013 3119 custodiam
1032 3064 1076 3118 Η1

88 3141 121 3189 12
139 3134 170 3188 id
188 3152 222 3190 cc:
240 3134 277 3190 ad
290 3135 342 3199 ΗΙ
369 3141 401 3190 15
421 3135 539 3190 chartha
560 3135 697 3189 inensium
711 3135 767 3202 Hi
794 3141 828 3190 16
846 3135 949 3190 turriti
964 3138 969 3205 Ι
985 3135 1103 3189 circum-

87 3207 165 3276 septo
179 3207 198 3260 d
214 3208 218 3276 Ι
237 3211 269 3261 19
288 3222 317 3261 es
327 3205 372 3261 H¹
388 3207 393 3274 Ι
408 3204 531 3261 uictoria
539 3153 585 3261 ᾗ
601 3206 605 3276 Ι
621 3206 759 3274 reliquam
777 3206 927 3261 uictoriam
945 3208 964 3261 h
979 3208 984 3275 Ι
1000 3211 1034 3261 20
1054 3205 1103 3276 Sy·

87 3291 199 3331 racusas
222 3277 307 3333 Ded:
334 3278 381 3332 sed
404 3278 439 3344 cf.
453 3295 485 3347 p.
505 3280 607 3344 97,14.
626 3283 706 3344 99,8
735 3279 740 3345 Ι
769 3283 803 3332 21
827 3277 1053 3334 catheniensibus
1072 3276 1108 3332 H

87 3347 332 3402 cateniensibusP
346 3349 537 3405 catinensibus
551 3349 570 3403 d
586 3353 590 3414 Ι
607 3351 676 3417 aput
689 3342 733 3402 ΗἸ
750 3350 755 3417 Ι
777 3354 811 3403 23
830 3348 875 3403 his
891 3347 938 3416 ΡΙ
954 3348 1104 3404 concilium

90 3417 159 3473 Oad.
180 3417 329 3473 consilium
346 3419 432 3484 ΗΡΙ
453 3418 621 3475 introductis
640 3419 685 3473 H¹
709 3422 714 3489 Ι
733 3424 769 3474 24
788 3419 981 3475 cathenienses
1000 3421 1018 3475 b
1036 3420 1104 3474 cati·

88 3503 187 3542 nenses
206 3489 245 3562 dl
265 3494 299 3544 26
318 3490 472 3546 alcibiades
491 3490 526 3545 Η
548 3489 552 3562 Ι
578 3494 612 3545 28
631 3491 822 3546 acdesolatam
841 3490 876 3545 Η

141 3587 281 3628 Faciamus
296 3589 330 3629 cd.
346 3587 517 3632 Gundermann.
939 3582 963 3626 'A
