2468 3832
135 153 202 216 140
335 152 410 206 IULI
428 151 606 207 FRONTINI
625 150 943 205 STRATEGEMATON

133 314 244 379 Flacci
266 313 472 397 proconsulis
491 313 697 398 excogitauit,
720 317 758 377 ut
775 313 916 378 delectos
940 333 978 376 ex
1000 316 1073 377 toto
1098 336 1154 378 ex·

135 403 252 485 emito,
280 403 336 486 qui
359 402 559 468 uelocissimi
588 402 782 466 uidebantur
805 405 838 466 et
861 400 1033 466 mediocris
1057 407 1156 467 erant

136 495 290 573 staturae,
312 491 469 574 parmulis
491 513 558 555 non
580 490 697 573 amplis
721 493 754 553 et
778 489 944 572 galeiculis
968 490 1154 574 gladiisque

136 600 173 643 ac
193 580 334 662 septenis
353 579 498 663 singulos
512 578 617 642 hastis
637 581 867 661 quaternorum
886 577 1014 642 circiter
1031 579 1154 661 pedum

99 682 116 731 5
135 670 277 731 armaret
300 688 419 750 eosque
447 666 615 730 adiunctos
644 666 807 750 equitibus
836 666 964 730 iuberet
985 688 1086 750 usquc
1110 667 1155 731 ad

136 755 265 820 moenia
283 754 438 838 prouehi,
466 754 578 818 deinde
606 754 653 818 ibi
676 755 814 837 positos,
841 754 962 819 nostris
986 755 1155 838 equitibus

136 843 215 927 <se>
238 843 482 925 recipientibus,
505 843 590 907 inter
613 843 757 907 hostium
781 843 961 924 equitatum
983 843 1155 925 proeliari:

136 953 201 1014 quo
229 931 316 994 facto
349 931 559 995 uehementer
586 935 619 994 et
645 931 710 1014 ipsi
737 929 895 1013 Campani
926 930 1047 995 adflicti
1075 937 1156 995 sunt

137 1022 169 1082 et
192 1019 330 1082 maxime
348 1021 423 1104 equi
442 1041 568 1102 eorum,
594 1019 711 1103 quibus
738 1018 880 1083 turbatis
902 1040 1006 1101 prona
1027 1020 1155 1084 nostris

84 1124 117 1174 10
135 1107 273 1172 uictoria
295 1107 366 1175 fuit

203 1213 255 1277 30.
287 1212 322 1276 P.
346 1211 451 1294 Scipio
481 1213 516 1275 in
537 1210 655 1294 Lydia,
688 1233 761 1276 cum
789 1210 841 1275 die
871 1232 908 1275 ac
931 1215 1025 1277 nocte
1048 1213 1156 1278 imbre

138 1302 291 1366 continuo
315 1308 467 1365 uexatum
492 1301 669 1364 exercitum
688 1299 843 1365 Antiochi
865 1299 992 1363 uideret
1014 1321 1074 1364 nec
1096 1302 1156 1367 ho-

128 1391 240 1452 mines
264 1393 393 1453 tantum
413 1391 470 1452 aut
488 1408 587 1471 equos
607 1388 750 1470 deficere,
772 1409 885 1452 uerum
908 1409 1000 1453 arcus
1024 1410 1157 1472 quoque

137 1477 344 1540 madentibus
359 1476 469 1539 neruis
491 1475 652 1539 inhabiles
673 1476 789 1558 factos,
812 1476 1001 1541 exhortatus
1020 1480 1071 1540 est
1088 1477 1157 1543 fra-

86 1580 119 1629 15
138 1567 239 1645 trem,
266 1568 303 1627 ut
329 1567 460 1646 postero
488 1564 637 1648 quamuis
665 1564 820 1649 religioso
853 1564 903 1628 die
936 1564 1159 1632 committeret

137 1652 312 1735 proelium:
337 1674 434 1735 quam
458 1652 654 1716 sententiam
678 1656 788 1717 secuta
811 1653 949 1717 uictoria
972 1657 1031 1717 est.

204 1776 255 1841 31.
289 1774 448 1841 Catonem
476 1780 660 1841 uastantem
683 1775 876 1859 Hispaniam
904 1776 1006 1862 legati
1032 1775 1156 1862 Ilerge-

137 1869 222 1950 tum,
251 1866 307 1949 qui
335 1865 497 1929 sociorum
519 1866 657 1949 populus
686 1869 768 1943 erat,
796 1864 943 1929 adierunt
967 1871 1157 1932 orauerunt

138 1975 200 2037 que
225 1953 355 2019 auxilia.
391 1954 456 2036 ille,
479 1975 519 2017 ne
542 1956 598 2016 aut
620 1955 740 2037 negato
764 1952 923 2017 adiutorio
947 1953 1051 2018 socios
1076 1955 1162 2021 alie-v

84 2057 118 2107 2ο
137 2046 231 2105 naret
261 2046 318 2106 aut
350 2041 479 2106 diducto
511 2042 652 2126 exercitu
684 2041 770 2105 uires
810 2041 989 2125 minueret,
1020 2045 1157 2109 tertiam

138 2133 265 2211 partem
287 2130 428 2192 militum
447 2129 570 2193 cibaria
587 2151 703 2212 parare
722 2132 756 2193 et
773 2150 873 2193 naues
892 2129 1064 2195 ascendere
1087 2133 1156 2197 ius-

138 2217 198 2298 sit,
230 2216 306 2280 dato
333 2221 525 2299 praecepto,
558 2221 596 2281 ut
623 2217 793 2301 oau<sa>ti
821 2222 935 2283 uentos
958 2221 1046 2284 retro
1070 2221 1156 2284 redi-

137 2307 224 2368 rent:
262 2305 455 2387 praecedens
491 2305 623 2369 interim
660 2305 866 2370 aduentantis
897 2306 1009 2371 auxilii
1041 2329 1159 2374 rumor

137 2396 174 2457 ut
200 2392 378 2477 Ilergetum
411 2393 566 2457 excitauit
596 2394 740 2473 animos,
772 2395 819 2459 ita
846 2395 989 2460 hostium
1018 2397 1158 2461 consilia

84 2481 299 2547 mmmm

204 2588 256 2652 32.
289 2586 324 2653 C.
339 2585 467 2667 Caesar,
491 2610 563 2653 cum
582 2588 615 2652 in
634 2589 784 2671 partibus
802 2587 1009 2671 Pompeianis
1032 2563 1164 2675 magna⁸

210 2802 225 2849 2
245 2797 399 2851 mediocres
420 2795 502 2864 GH!
526 2804 542 2851 3
561 2796 708 2867 galcioulis
725 2797 753 2849 P
769 2795 845 2866 galei
864 2796 952 2851 oculis
972 2797 1038 2853 GH
1052 2798 1156 2867 galeri·

138 2867 208 2920 culis
227 2868 246 2921 d
273 2867 392 2937 galeolis
411 2868 469 2921 cdd.
495 2870 501 2933 1
525 2872 543 2920 4
560 2868 652 2921 hostis
671 2867 737 2922 GH
754 2869 759 2938 Ι
785 2873 800 2922 5
820 2868 942 2922 armaret
960 2866 1018 2924 Sor.
1044 2884 1157 2924 armare

138 2937 205 2992 GH
209 2939 236 2991 P
249 2937 352 2993 armari
366 2939 384 2993 d
398 2938 402 3009 Ι
418 2944 434 2992 6
448 2937 489 2991 ibi
504 2954 537 2992 ccc
551 2937 600 2991 ubi
609 2938 640 2992 Η
652 2937 656 3009 l
668 2936 776 3007 positos
786 2937 913 2994 Eussner
926 2937 1028 3008 positis
1041 2940 1107 2995 GH
1111 2939 1154 3011 ΡΙ

137 3011 223 3063 uerba
242 3008 383 3076 equitibus
403 3039 436 3049 —
455 3009 612 3076 equitatum
636 3010 668 3062 in
685 3025 787 3063 rasura
800 3025 855 3078 pro
874 3008 1044 3064 uictoria-
1064 3011 1157 3065 imbre

137 3080 352 3147 (u.10-11)H
364 3082 368 3148 Ι
386 3085 401 3134 'l
416 3095 445 3133 se
459 3080 523 3133 cdd.
539 3079 641 3133 Παντεῖ
656 3079 661 3146 Ι
676 3078 876 3150 recipientibus
889 3080 956 3135 GH
970 3080 1093 3149 incipere
1106 3083 1134 3134 P

138 3155 171 3202 11
191 3150 221 3205 P.
236 3168 286 3205 om.
297 3149 340 3204 H¹
359 3151 412 3205 Pre
428 3150 475 3218 Pl
494 3155 526 3204 14
544 3148 672 3221 fratrem]
693 3167 756 3204 suos
770 3152 789 3205 cl
805 3153 809 3219 Ι
827 3157 860 3204 16
877 3152 1100 3206 committeretur
1114 3153 1134 3206 d

139 3227 172 3276 17
191 3221 342 3290 ilergetum
363 3221 388 3276 G
410 3222 538 3290 regetum
557 3221 592 3274 H
611 3221 752 3289 legatum
773 3221 820 3292 Pl
844 3227 876 3276 19
896 3227 947 3276 aut
968 3225 1071 3291 negato
1092 3222 1120 3277 G

138 3291 278 3360 abnegato
295 3294 323 3346 P
340 3294 390 3346 aut
408 3292 548 3360 abnegato
568 3293 649 3360 edil
674 3298 707 3346 22
728 3291 836 3346 causati
854 3293 914 3347 edd.
934 3291 1011 3346 cauti
1031 3293 1097 3348 GH
1101 3293 1130 3346 P

137 3366 237 3417 uentos
256 3369 395 3432 tamquam
413 3365 543 3432 ylocscma
562 3365 625 3416 eicit
640 3363 673 3428 d,
691 3365 806 3430 fortasse
824 3364 883 3418 coll.
903 3362 970 3416 Liu.
991 3367 1095 3429 34,13,
1111 3370 1128 3418 1

138 3436 172 3485 23
191 3433 233 3556 ip}
236 3433 337 3556 “Huiffii
357 3435 385 3487 P
404 3437 408 3500 Ι
434 3439 468 3487 24
486 3431 686 3503 utileregetum
702 3434 768 3489 GH
791 3434 834 3488 uti
851 3434 977 3503 legatum
995 3435 1046 3504 P}
1071 3440 1105 3489 26
1126 3433 1156 3490 Ο.

135 3518 185 3555 om,
