2468 3832
433 121 543 176 LlBER
560 122 595 177 Π.
624 121 701 177 CAP.
720 127 745 177 4.
1053 122 1095 187 57

83 309 137 351 sus
151 284 318 351 Romanos
334 285 448 350 eodem
466 283 563 349 modo
582 284 764 369 elephantis
784 284 823 348 ad
841 284 1097 368 perturbandam

82 374 184 440 aciem
207 396 284 440 usus
309 377 367 439 est.

150 465 216 545 [14.
248 462 350 528 Poeni
378 482 504 547 quoquc
533 461 687 528 aduersus
716 459 882 526 Romanos
909 461 1098 546 frequenter

81 552 168 616 idem
189 550 347 617 fecerunt.

151 639 200 706 15.
215 639 409 705 Volscorum
424 642 533 705 castra
552 661 626 704 oum
643 631 745 724 prope
758 639 821 723 <a>
832 638 984 724 uirgultis
1000 639 1096 704 silua·
1114 657 1131 705 5

83 749 144 812 que
162 729 271 812 posita
289 731 411 812 essent,
426 727 585 793 Camillus
605 749 643 793 ea
661 728 784 813 omnia,
802 750 884 812 quac
903 732 1097 810 conceptum

81 817 190 902 ignem
214 819 373 902 usquein
395 817 519 882 uallum
541 817 685 900 perferre
708 820 872 900 poterant,
899 816 1042 883 incendit
1065 820 1097 880 et

82 907 128 972 sio
152 906 355 972 aduersarios
379 906 468 970 exuit
491 905 616 971 castris.

149 995 200 1061 16.
223 995 258 1060 Ρ.
273 992 410 1060 Crassus
426 994 515 1058 bello
535 993 647 1058 sociali
662 990 775 1059 eodem
789 994 884 1059 modo
902 1015 1004 1079 prope
1023 1016 1097 1059 cum

82 1084 184 1167 copiis
208 1084 360 1149 omnibus
382 1083 583 1165 interceptus
607 1083 679 1162 est]
1117 1101 1150 1151 10

152 1171 202 1235 17.
235 1170 377 1254 Hispani
409 1173 522 1236 contra
541 1169 773 1236 'Hamilcarem
805 1170 906 1234 boues
937 1170 1097 1237 uehiculis

82 1258 252 1324 adiunctos
283 1260 320 1323 in
348 1259 454 1343 prima
481 1257 589 1324 fronte
618 1259 858 1324 constituemus
885 1258 1097 1344 uehiculaque

81 1348 175 1413 tedae
199 1351 233 1412 et
255 1347 324 1414 sebi
349 1351 382 1412 et
407 1347 573 1432 sulphuris
595 1348 707 1434 plena,
735 1347 830 1433 signo
857 1368 987 1434 pugnae
1012 1349 1098 1433 dato,

81 1437 306 1502 incenderunt:
339 1437 420 1502 actia
453 1437 568 1503 deinde
599 1437 635 1502 in
662 1437 792 1502 hostem
819 1436 925 1503 bubus
953 1440 1096 1502 conster-

81 1529 193 1590 natam
215 1526 318 1591 aciem
339 1530 563 1609 perruperunt.
959 1602 963 1609 v
1117 1543 1150 1594 15

150 1615 201 1680 18.
230 1614 350 1680 Falisci
373 1619 407 1679 et
428 1613 694 1699 Tarquinienses,
717 1614 939 1699 compluribus
963 1637 1096 1680 suorum

80 1703 114 1768 in
146 1703 296 1769 habitum
327 1702 530 1767 sacerdotum
558 1702 758 1786 subornatis,
789 1702 876 1767 faces
909 1706 942 1766 et
975 1724 1096 1788 angues

80 1791 191 1857 furiali
219 1791 336 1856 habitu
358 1789 628 1873 praeferentibus,
657 1789 760 1854 aciem
782 1789 1006 1854 Romanorum
1028 1795 1097 1854 tur·

81 1880 251 1946 bauerunt.

151 1968 217 2048 [19.
249 1966 340 2031 Idem
362 1966 515 2031 Veientes
543 1970 577 2031 et
603 1964 774 2031 Fidenates
801 1964 927 2031 facibus
956 1965 1097 2050 adreptis
1115 1984 1149 2034 20

82 2055 250 2135 fecerunt]

150 2143 201 2208 20.
225 2142 351 2207 Atheas
374 2165 431 2208 rex
454 2141 660 2228 Scytharum,
683 2165 756 2209 oum
781 2143 937 2208 aduersus
961 2145 1097 2229 amplio-

82 2253 151 2296 rem
165 2231 383 2297 Triballorum
402 2234 578 2298 exeroitum
596 2233 795 2319 confligeret,
813 2233 910 2298 iussit
927 2257 947 2299 a
965 2233 1096 2299 feminis

48 2363 52 2370 -
80 2321 253 2406 puerisque
280 2325 313 2386 et
339 2322 429 2386 omni
456 2322 570 2387 inbelli
597 2323 695 2388 turba
722 2342 838 2408 greges
866 2322 1032 2387 asinorum
1060 2345 1097 2388 ac

81 2409 180 2474 boum
194 2410 235 2475 ad
252 2414 453 2493 postremam
467 2411 613 2476 hostium
627 2411 730 2476 aciem
746 2411 912 2475 admoueri
925 2414 958 2474 et
972 2414 1096 2476 erectas
1115 2427 1150 2476 ao

80 2497 194 2563 hastas
213 2498 383 2583 praeferri3
401 2498 525 2563 famam
539 2499 654 2564 deinde
669 2498 806 2582 diffudit,
824 2501 992 2581 tamquam
1007 2499 1096 2563 auxi·

80 2585 127 2650 lia
154 2587 217 2650 sibi
241 2586 282 2649 ab
306 2585 514 2651 ulterioribus
539 2585 667 2671 Scythis
696 2586 922 2651 aduentarent:
951 2608 1015 2670 qua
1043 2587 1096 2651 ad·

82 2673 284 2738 seueratione
308 2673 427 2738 auertit
449 2673 587 2739 hostem.

153 2853 170 2924 3
193 2849 344 2917 coemptum
367 2849 501 2903 alanum:
524 2848 558 2915 of.
578 2848 670 2918 praef.
690 2847 747 2919 §9
772 2853 777 2914 Ι
806 2852 823 2903 b
846 2850 969 2920 coempta
986 2853 1096 2906 15-16

80 2921 196 2989 repetitu
209 2935 243 2975 erc
256 2924 284 2986 4,
298 2925 325 2988 7,
334 2923 379 2976 40.
389 2924 438 2974 41:
456 2920 490 2986 cf.
497 2920 590 2990 praefi
634 2925 673 2975 10
686 2924 690 2989 l
707 2934 724 2973 a
737 2920 827 2989 suppl.
838 2920 907 2975 Ded.
921 2937 955 2976 ea
968 2925 994 2986 4,
1004 2925 1074 2987 mo
1090 2921 1094 2992 1

82 2996 97 3045 7
116 2991 222 3046 uallem
240 2991 293 3060 ΗΙ
312 2996 329 3045 9
348 2990 392 3117 P}
412 2990 440 3046 O.
460 2990 496 3045 H
507 2993 512 3059 Ι
539 2995 571 3044 11
619 2988 727 3062 ‘spania
745 2991 790 3058 ΡΙ
811 2991 973 3046 amilcarem
989 2992 1017 3045 P
1036 2993 1041 3058 1
1063 2997 1097 3046 14

81 3062 111 3115 in
129 3077 179 3117 orn.
195 3061 247 3131 ΗΙ
263 3061 353 3118 bobus
406 3065 410 3129 l
428 3067 461 3116 16
480 3061 702 3131 cumpluribuslr
718 3066 722 3132 Ι
739 3068 772 3117 17
791 3063 821 3117 in
839 3062 983 3117 babituH
997 3060 1097 3117 habitu

81 3132 173 3204 ,suos
192 3133 237 3189 sed
255 3133 291 3200 ef.
305 3136 333 3200 3,
347 3138 424 3199 2,11
441 3135 446 3203 Ι
466 3130 495 3186 in
514 3133 644 3188 habitum
661 3139 686 3188 et
704 3133 862 3188 subornatis
880 3137 1005 3202 suspecto
1018 3133 1098 3188 babet

82 3203 152 3259 Oud.
171 3204 230 3260 coll.
244 3203 312 3258 Lia.
329 3206 408 3272 7,17,
422 3207 440 3258 3
456 3206 460 3273 Ι
477 3203 642 3259 rubomatos
660 3204 713 3273 Hl
734 3210 768 3260 18
786 3204 971 3259 referentibus
989 3204 1041 3272 Hl
1062 3209 1096 3259 20

81 3276 231 3344 exemplar
244 3276 380 3330 danum.-
397 3275 433 3342 cf.
446 3274 535 3344 praef.
549 3273 571 3346 ἕ
583 3280 601 3330 9
618 3276 622 3346 Ι
638 3274 784 3330 uehientes
799 3275 866 3330 ΗΡ
880 3277 884 3342 Ι
900 3280 933 3329 21
949 3274 1075 3331 feruutlr
1090 3276 1094 3348 l

81 3349 115 3398 22
134 3346 239 3400 Aether
259 3345 320 3401 GH
343 3344 430 3400 Aetas
448 3344 483 3413 P,
501 3360 571 3402 corr.
590 3347 649 3401 edd.
676 3348 680 3414 Ι
706 3344 899 3416 schytbarium
918 3346 954 3401 H
971 3348 976 3416 l
1001 3353 1037 3401 24
1055 3347 1096 3401 in-

79 3415 156 3470 bello
174 3415 210 3470 H
227 3418 232 3485 l
256 3417 351 3487 gregis
370 3416 405 3471 H
421 3418 426 3486 Ι
451 3421 487 3470 25
504 3415 611 3471 bouum
629 3415 673 3471 11¹
694 3416 700 3486 Ι
724 3423 758 3473 26
777 3416 918 3486 praeferre
937 3418 1009 3485 ΗΡ,
1026 3434 1096 3474 corr.

85 3484 155 3540 Oud.
176 3485 181 3556 Ι
205 3492 240 3542 27
259 3487 372 3558 chythis
390 3487 434 3542 11¹
462 3485 590 3555 schythis
608 3489 627 3543 le
647 3491 651 3555 Ι
676 3487 743 3554 quia
761 3487 805 3543 Η1
