2468 3832
150 137 193 203 96
354 137 431 194 IULI
449 135 625 194 FRONTINI
643 134 969 192 STRATEGEMATON

216 301 247 367 2.
280 301 328 366 Ti.
352 299 532 384 Gracchus,
555 299 722 365 Lusitanis
745 298 924 366 dicentibus
947 299 983 364 in
1006 299 1037 364 X
1061 321 1164 368 annos

150 389 274 455 cibaria
293 411 327 455 se
344 390 465 455 habere
485 391 517 453 et
534 387 607 454 ideo
627 388 829 455 obsidionem
851 411 918 453 non
941 409 1166 473 expauescere,

105 496 107 501 ⁴
151 477 353 558 ‘undecimo'‚
376 478 495 562 inquit,
518 476 614 543 ‘anno
642 499 703 543 uos
726 476 877 562 capiam':
905 499 970 563 qua
992 499 1071 544 uoce
1093 500 1165 563 per·

150 568 257 647 territi
292 567 457 646 Lusitani,
496 566 691 652 quam<uis>
727 566 879 632 instructi
917 567 1165 652 commeatibus,

115 657 264 724 ostatim
288 679 322 722 se
347 656 547 722 dediderunt.

217 747 247 811 3.
279 746 317 811 Α.
346 744 513 830 Torquato
541 742 697 810 Graecam
720 743 833 809 urbem
864 744 1067 829 oppugnanti
1091 767 1164 811 cum

151 834 325 918 diceretur,
356 835 559 900 iuuentutem
586 833 633 899 ibi
661 832 806 899 studiose
832 832 947 899 iaculis
976 836 1009 898 et
1032 834 1165 918 sagittis

151 925 301 1006 exerceri,
324 922 438 1007 ‘pluris
463 920 556 1007 eam',
578 922 696 1007 iuquit,
720 921 919 1006 ‘propediem
942 921 1101 988 uendam'.

214 1131 260 1187 VI.
287 1130 336 1185 ΒΕ
355 1130 608 1188 DISTRIOTIONE
626 1129 904 1187 PRAESIDIORUM
922 1129 1097 1188 HOSTIUM.

100 1291 132 1342 10
219 1280 247 1344 1.
272 1275 392 1363 Scipio,
410 1277 596 1343 Hannibale
609 1277 645 1341 in
658 1274 805 1341 Afrioam
818 1297 960 1360 reuerso,
983 1297 1057 1342 oum
1071 1278 1167 1362 plura

151 1366 281 1450 oppida,
305 1387 388 1450 quae
410 1367 495 1432 ratio
518 1365 569 1430 illi
591 1364 628 1429 in
645 1367 842 1450 potestatem
865 1364 1041 1452 redigenda
1063 1366 1166 1431 diota-

150 1454 218 1537 bat,
239 1454 342 1520 firmis
361 1454 532 1539 praesidiis
551 1454 699 1519 diuersae
716 1454 821 1538 partis
840 1453 1073 1538 obtinerentur,
1092 1455 1166 1520 sub-

150 1542 226 1607 inde
255 1543 397 1626 aliquam
425 1565 558 1608 manum
592 1541 808 1608 submittebat
836 1543 877 1608 ad
902 1542 1088 1610 infestanda
1119 1565 1165 1609 ea.

150 1631 329 1696 nouissime
353 1631 452 1698 etiam
471 1635 639 1716 tamquam
662 1630 846 1715 direpturus
870 1633 1021 1698 ciuitates
1043 1632 1166 1717 aderat,

100 1733 132 1783 15
151 1719 265 1784 deinde
302 1721 454 1786 simulato
491 1724 580 1786 metu
616 1719 808 1806 refugiebat.
857 1719 1042 1806 Hannibal,
1073 1722 1165 1785 ratus

151 1830 262 1874 ueram
282 1830 352 1875 esse
370 1810 439 1875 eius
457 1808 718 1895 trepidationem,
741 1808 885 1875 deductis
909 1808 1051 1894 undique
1073 1830 1166 1892 prae-

151 1898 258 1983 sidiis,
286 1903 455 1983 tamquam
479 1898 518 1963 de
542 1920 669 1964 summa
693 1920 802 1963 rerum
829 1897 1051 1963 decertaturus
1083 1897 1166 1961 inse·

152 1988 207 2070 qui
226 1988 346 2070 coepit:
370 1989 418 2053 ita
436 1990 628 2054 consecutus
644 1985 764 2071 Scipio,
786 1985 872 2072 quod
895 1987 1044 2072 petierat,
1065 1985 1166 2050 nuda-

152 2077 203 2140 tas
222 2076 519 2161 propugnatoribus
538 2076 628 2142 urbis
650 2096 710 2160 per
728 2074 937 2145 Masinissam
960 2078 993 2140 et
1006 2071 1165 2140 Numidas

96 2175 131 2226 20
150 2185 186 2227 oe
210 2164 245 2228 it.

187 2186 248 2316 ΡΞ.
281 2250 314 2315 Ρ.
336 2250 505 2318 Cornelius
525 2249 643 2337 Scipio,
666 2252 833 2318 intellecta
856 2251 1047 2318 difficultate
1069 2271 1167 2336 expu-

152 2340 272 2425 gnandi
287 2339 482 2422 Delminum,
501 2341 577 2426 quia
592 2362 750 2408 concursu
765 2341 911 2407 omnium
925 2337 1166 2423 defendebatur,

152 2428 285 2516 adgredi
309 2430 374 2496 alia
397 2430 517 2515 oppida
543 2431 650 2515 coepit
678 2432 711 2495 et
742 2430 887 2496 euocatis
910 2427 950 2494 ad
974 2449 1032 2493 sua
1054 2425 1166 2492 defen-

151 2518 255 2584 denda
279 2518 417 2606 singulis
440 2523 613 2586 uacuatam
636 2518 765 2585 auxiliis
789 2517 976 2585 Delminum
998 2516 1094 2601 oepit.

97 2618 131 2669 ss
217 2609 248 2675 3.
279 2608 425 2692 Pyrrhus
444 2608 654 2693 Epirotarum
676 2630 733 2675 rex
756 2607 911 2672 aduersus
929 2604 1070 2709 Illyrios,
1093 2626 1167 2671 oum

151 2697 319 2762 ciuitatem
342 2719 424 2782 quae
449 2701 547 2782 caput
570 2697 676 2784 gentis
705 2699 776 2763 erat
797 2695 944 2780 redigere
967 2717 1000 2763 m
1023 2697 1168 2778 potesta·

224 2880 237 2928 1
262 2873 294 2927 T.
314 2874 349 2928 H
353 2876 394 2938 P,
417 2888 486 2929 corr.
506 2873 549 2944 dl
575 2869 743 2926 ducentibus
767 2870 803 2925 H
818 2874 882 2926 ante
904 2884 959 2924 ras.
990 2871 995 2935 Ι
1024 2867 1054 2922 in
1072 2866 1098 2921 X
1116 2881 1168 2923 om.

151 2944 195 2998 H¹
214 2942 219 3018 l
241 2949 257 2998 3
276 2962 332 3013 quo
351 2945 386 2998 Η
405 2945 443 3012 14
461 2942 591 3012 quamuis
609 2942 629 2996 d
646 2957 732 3010 quam
749 2941 784 2996 Η
786 2941 815 2995 Ρ
829 2954 1001 3011 quamquam
1018 2939 1078 2994 edd.

223 3021 239 3071 9
258 3014 448 3071 destructione
462 3014 508 3081 ΡΙ
523 3012 668 3069 hostilium
682 3029 714 3083 p.
733 3016 814 3079 89,1
831 3014 836 3081 Ι
854 3017 886 3067 13
910 3009 1098 3066 submittebat
1116 3023 1168 3064 cru.

150 3086 195 3141 11²
211 3089 216 3158 Ι
232 3087 276 3157 ea]
296 3086 344 3159 ass
361 3090 431 3156 (una
449 3086 501 3140 litt.
520 3087 611 3153 nasa)
622 3083 667 3139 H¹
682 3086 687 3154 Ι
704 3089 737 3138 14
755 3081 984 3139 nouissiminsH
999 3085 1063 3136 unte
1080 3079 1168 3151 ocra}

151 3158 261 3213 adierat
277 3159 296 3212 b
334 3164 366 3213 17
385 3173 478 3212 rerum
496 3159 538 3222 (re
551 3157 584 3211 iu
595 3173 651 3212 roe.
666 3156 697 3223 b)
707 3155 742 3210 H
754 3157 758 3223 Ι
775 3153 1003 3210 decertaturusd
1020 3151 1170 3206 deauratu-

149 3245 198 3283 rus
221 3229 287 3283 ΗΡ
311 3230 473 3284 decreturus
493 3227 563 3284 Oua.
587 3229 592 3297 1
618 3233 651 3283 18
676 3226 785 3282 nudata
802 3226 837 3281 H
858 3227 864 3295 Ι
890 3231 922 3281 19
946 3224 1171 3294 propugnatores

150 3300 195 3354 H¹
217 3301 405 3370 propugnatio
420 3342 426 3356 .
441 3300 521 3354 reela
545 3301 550 3368 Ι
573 3299 656 3357 urbes
673 3298 702 3354 P
724 3299 729 3369 Ι
752 3297 904 3355 manisssm
926 3294 999 3421 ΠΙ)
1017 3299 1052 3349 22
1070 3291 1173 3347 delmi·

150 3369 229 3424 nium
252 3372 284 3427 d.-
307 3374 371 3428 item
388 3371 488 3443 infra!
513 3376 547 3426 28
565 3371 637 3438 sorte
654 3369 792 3426 audeatis:
813 3369 848 3436 cf.
863 3384 894 3438 p.
913 3372 963 3435 20,
999 3369 1017 3421 3
1038 3367 1042 3435 Ι
1068 3368 1104 3418 24
1121 3378 1172 3418 ua·

151 3443 264 3495 enatum
283 3443 357 3498 edd:
375 3445 422 3498 sed
440 3444 475 3511 cf.
490 3459 521 3512 p.
541 3443 714 3511 93,23125
733 3439 820 3508 Pyrus
839 3438 889 3510 ΡΙ
910 3454 960 3494 rex
977 3452 1028 3493 om.
1047 3434 1093 3490 Η1
1108 3437 1114 3505 Ι
1129 3435 1173 3504 yl-

139 3511 226 3563 lr'rros
240 3512 301 3583 ff)
323 3519 358 3569 26
375 3513 469 3570 redire
488 3513 524 3569 H
543 3511 650 3569 rediere
668 3512 707 3566 P:
725 3527 795 3567 corr.
814 3511 834 3566 d
