2468 3832
362 432 368 438 ’
476 455 758 549 1111111111.

174 739 244 818 51.
281 735 545 821 Strategematon
579 737 740 819 codicum,
778 740 939 820 quotquot
975 735 1123 801 innotue-

105 831 195 908 runt,
224 826 287 892 duo
312 830 388 891 sunt
411 847 544 910 genera,
575 848 712 910 quorum
741 825 875 890 alterius
900 826 1033 909 eiusque
1057 848 1122 890 me·

105 914 196 979 lioris
214 915 278 979 tria
293 919 466 999 supersunt
481 915 688 998 exemplaria,
703 914 837 978 alterius
852 934 991 997 magnus
1010 935 1122 980 nume-

105 1025 160 1066 rus
180 1007 287 1068 exstat
307 1003 526 1068 assecularum
550 999 604 1088 (cf.
620 1000 919 1067 Commentationes
934 1003 1121 1087 philologae
1180 1018 1183 1022 ’

105 1090 255 1155 Ienenses
279 1090 296 1154 I
324 1087 441 1177 (1881)
464 1114 496 1175 p.
524 1092 566 1156 86
587 1091 659 1175 sq).
704 1090 812 1174 Atque
844 1091 961 1174 prioris
994 1092 1122 1174 generis

106 1202 189 1244 unus
213 1180 307 1243 testis
331 1181 467 1264 integer,
492 1180 547 1244 sed
573 1202 730 1265 perquam
749 1180 960 1264 neglegenter
983 1181 1121 1263 scriptus

107 1273 157 1332 est
184 1268 253 1334 eod.
276 1267 473 1333 Harleianus
492 1269 580 1334 2666
605 1269 685 1353 (H),
714 1291 787 1333 oum
816 1269 883 1333 cod.
908 1267 1077 1332 Gothanus
1096 1269 1121 1333 Ι.

106 1358 168 1422 101
193 1355 256 1440 (G)
284 1361 317 1422 et
346 1358 413 1422 cod.
438 1355 585 1423 Ousanus
610 1357 645 1423 O.
666 1359 708 1423 14
730 1356 789 1440 (0)
812 1361 941 1436 tantum
971 1362 1123 1443 excerpta

105 1447 292 1529 praebeant.
324 1445 471 1510 Pendent
486 1447 515 1510 ei
535 1468 573 1510 ex
593 1447 687 1530 libro,
707 1447 770 1530 qui,
790 1446 938 1530 quamuis
958 1447 1122 1512 erroribus

105 1534 292 1618 lacunisque
324 1557 390 1599 non
426 1557 548 1600 uacuus
581 1535 693 1612 fuerit,
729 1539 840 1600 tamen
872 1534 1122 1619 diligentissime

108 1623 247 1706 scriptus
271 1623 370 1688 etiarn
394 1645 490 1688 uoces
514 1624 647 1687 mutilas
672 1646 799 1688 summa
825 1623 888 1687 fide
913 1628 1121 1688 conseruatas

106 1711 291 1776 exhibuisse
315 1712 478 1796 putandus
502 1715 561 1775 est.
594 1711 748 1776 Nondum
768 1712 951 1775 adhibitum
971 1716 1041 1776 erat
1059 1713 1121 1776 hoc

105 1820 220 1883 genus:
248 1822 326 1863 narn
351 1799 496 1864 Andreas
519 1799 696 1882 Dederich‚
719 1801 846 1864 etiamsi
870 1799 938 1864 cod.
977 1799 1120 1864 Gothani

104 1888 258 1951 notitiam
277 1887 394 1951 habuit
407 1885 459 1971 (cf.
471 1888 519 1954 ed.
529 1887 616 1954 1855
631 1888 730 1971 praef.
744 1911 774 1972 p.
783 1886 855 1973 XI),
873 1893 983 1953 tamen
998 1893 1120 1972 quante

105 1976 175 2039 eius
204 1982 290 2040 esset
315 1977 495 2062 auctoritas
526 1999 593 2041 non
626 1977 755 2042 uidetur
786 1976 995 2042 intellexisse.
1042 1977 1120 2042 Lec-

104 2065 210 2128 tiones
230 2068 347 2148 autem,
366 2086 448 2149 quae
471 2067 506 2130 in
529 2067 676 2152 margine
696 2067 872 2131 editionum
891 2064 1119 2149 Hittorpianae

105 2149 275 2239 (Coloniae
292 2150 392 2240 1524)
413 2158 446 2219 et
459 2155 690 2220 Weohelianae
701 2153 849 2240 (Parisiis
863 2155 962 2238 1532)
978 2155 1118 2240 adscrip-

103 2245 157 2306 tae
186 2246 315 2306 exstant
346 2240 391 2328 (1,
413 2244 478 2327 1,8
510 2245 771 2328 profectionis
805 2266 896 2309 suae
930 2265 1065 2308 sensus
1091 2246 1119 2327 1,

104 2330 167 2412 4,1
192 2331 372 2415 captiuos
396 2332 510 2396 lateri
533 2333 605 2415 1,5‚
622 2336 660 2397 11
683 2333 880 2397 similibus
904 2334 930 2419 1,
952 2333 1118 2415 121111-

103 2423 372 2484 sternerentur
392 2421 421 2501 1,
439 2422 521 2501 10,1
543 2443 610 2504 per
629 2423 808 2505 singulos
829 2422 858 2505 1,
875 2421 960 2504 11,2
979 2424 1119 2503 parata

103 2507 133 2590 3,
154 2507 204 2591 16,
225 2508 245 2570 3
269 2508 382 2575 datur
405 2508 612 2589 pollicitus
635 2511 666 2586 4,
681 2509 751 2590 6,4
774 2507 997 2593 deductum)
1022 2529 1116 2591 quae-

103 2617 164 2679 que
185 2595 213 2659 si
230 2616 296 2658 non
316 2616 353 2658 ex
372 2596 443 2678 ipso
463 2595 650 2679 Harleiano,
669 2601 756 2677 certe
775 2619 813 2660 ex
833 2596 940 2662 codice
960 2597 1068 2680 aliquo
1089 2597 1119 2661 ei

103 2683 270 2748 simillimo
290 2684 501 2768 depromptae
521 2689 606 2766 sunt,
626 2685 765 2749 editores
785 2686 948 2750 immerito
969 2688 1118 2770 neglexe-

102 2777 185 2837 runt.
216 2771 391 2857 Exoptatis
411 2773 461 2836 his
477 2774 681 2838 adminiculis
700 2774 832 2839 adscitis
852 2774 958 2839 multa
971 2775 1119 2858 exempla

102 2860 226 2925 mendis
252 2861 357 2926 adhuc
379 2862 515 2926 residuis
543 2868 728 2948 purgantur
754 2868 851 2947 atque
875 2864 1118 2928 emendationes

102 2950 245 3015 uirorum
269 2950 437 3014 doctorum
459 2951 547 3015 haud
570 2975 693 3035 paucae
717 2953 978 3036 comprobantur.

167 3038 319 3103 Alterum
349 3059 451 3123 genus
479 3045 517 3104 ut
547 3041 644 3123 locis,
677 3042 711 3104 in
740 3042 856 3125 quibus
880 3041 997 3125 prioris
1021 3060 1116 3123 gene-

100 3128 145 3192 ris
172 3131 272 3192 testes
304 3129 420 3193 misere
449 3129 604 3213 delirant,
631 3152 697 3194 non
721 3130 820 3194 se‘mel
844 3151 938 3213 opem
965 3128 1042 3210 fert,
1070 3131 1117 3194 111

101 3216 161 3280 fide
190 3217 271 3281 illud
293 3238 359 3281 non
387 3218 585 3301 aequiperat.
630 3218 737 3283 Huius
762 3241 800 3283 ex
824 3218 986 3283 codicibus
1015 3242 1116 3284 unum

102 3304 257 3370 aduocaui
277 3305 461 3371 Parisinum
482 3307 568 3371 7240
587 3306 661 3390 (Ρ),
683 3308 801 3391 quippe
825 3308 879 3391 qui
902 3308 1045 3390 reliquos
1065 3307 1116 3385 (d)

102 3394 294 3459 auctoritate
318 3396 414 3480 longe
432 3399 571 3478 superet.
602 3396 721 3462 Ortum
738 3397 1014 3511 autem-estch
1029 3406 1147 3464 {sm
