2468 3832
420 141 529 199 LIBER
547 143 582 199 Π.
611 142 689 199 GAP.
710 149 787 200 7-8.
1074 144 1113 208 77

168 307 218 372 13.
250 305 286 371 Τ.
307 305 472 371 Labienus
501 310 576 390 post
603 304 827 372 Pharsalicam
855 327 1012 391 pugnam,
1042 328 1115 371 cum

99 397 197 462 uictis
220 394 368 479 partibus
392 394 635 478 Dyrrhachium
662 393 849 479 refugisset,
879 395 1010 461 miscuit
1036 418 1116 462 uera

98 484 192 551 falsis
216 487 262 568 ot,
285 505 353 548 non
374 483 478 549 celato
497 484 588 549 exitu
610 503 754 568 pugnae,
778 486 950 568 aequatam
972 486 1115 567 partium

99 573 266 639 fortunam
286 572 379 657 graui
398 573 533 638 uulnere
548 571 698 638 Caesaris
717 572 825 636 finxit:
844 575 878 636 et
895 572 957 637 hac
976 573 1115 638 adsimu-

99 662 223 728 latione
245 661 380 745 reliquis
398 659 670 745 Pompeianarum
688 661 832 745 partium
855 660 1007 726 fiduciam
1029 661 1150 728 facito

169 751 219 816 14.
251 749 295 816 Μ.
323 749 418 833 Cato,
450 772 523 816 cum
552 750 761 817 Ambraciam
793 771 831 815 eo
860 753 1020 834 tempore,
1053 771 1115 833 qno

100 841 208 906 sociae
239 861 341 904 naues
373 840 414 903 ab
447 838 575 905 Aetolis
612 840 902 923 oppugnabantur,
938 838 1115 922 inprudens

93 950 164 994 -uno
191 930 299 994 lembo
328 927 522 1013 appulisset,
550 949 748 1012 quamquam
775 927 857 992 nihil
886 948 995 993 secum
1022 939 1116 1011 prac-

99 1019 174 1083 sidii
196 1018 344 1101 haberet,
368 1017 474 1101 coepit
498 1018 628 1100 signum
650 1037 729 1080 uoce
753 1020 909 1101 gestuque
933 1016 1022 1098 dare,
1051 1037 1115 1101 quo

99 1107 263 1171 uideretur
296 1106 523 1189 subsequentis
552 1126 689 1170 suorum
721 1105 817 1169 nauis
848 1127 982 1189 uocare,
1013 1126 1115 1190 eaque
1136 1121 1168 1170 10

100 1195 346 1259 adseueratione
369 1193 498 1258 hostem
522 1193 653 1277 terruit,
680 1197 849 1276 tamquam
876 1194 972 1276 plane
998 1193 1113 1277 adpro-

99 1283 308 1368 pinquarent,
331 1281 387 1367 qui
411 1283 505 1366 quasi
528 1304 568 1346 ex
589 1281 739 1366 proximo
763 1281 961 1347 citabantur:
993 1282 1115 1363 Aetoli,

98 1394 140 1437 no
154 1371 296 1437 aduentu
310 1371 477 1437 Romanae
496 1371 610 1437 classis
630 1370 897 1457 opprimerentur,
915 1371 1115 1456 reliquerunt

100 1461 386 1546 oppugnationem.
655 1478 663 1485 “

147 1669 220 1726 VIII.
249 1670 298 1724 DE
317 1666 577 1725 RHSTITUENDA
595 1668 668 1723 PER
686 1667 949 1726 CONSTANTIAM
968 1668 1060 1724 acm.
1118 1680 1151 1728 15

168 1818 197 1880 1.
221 1813 353 1879 Seruius
367 1812 494 1877 Tullius
514 1812 702 1876 adulescens
720 1812 859 1895 proelio,
881 1833 945 1895 quo
963 1833 1020 1876 rex
1038 1813 1116 1875 Tar·

101 1905 230 1988 quinius
259 1901 415 1965 aduersus
439 1898 578 1965 Sabinos
607 1899 765 1983 conflixit,
793 1899 957 1984 signiferis
986 1901 1115 1985 segnius

101 1991 330 2056 dimicantibus
359 1992 488 2073 raptum
517 1989 646 2074 signum
674 1989 709 2051 in
735 1988 863 2052 hostem
891 1989 993 2054 misit:
1026 1989 1115 2054 cuius

100 2078 313 2162 recuperandi
336 2078 443 2163 gratia
465 2076 606 2142 Romani
628 2077 676 2141 ita
699 2078 851 2142 ardenter
877 2082 1116 2163 pugnauerunt,

102 2172 138 2232 ut
161 2171 195 2232 et
217 2167 348 2252 signum
372 2170 405 2231 et
427 2166 599 2232 uictoriam
622 2166 803 2232 retulerint.
1134 2183 1168 2232 2ο

166 2257 197 2320 2.
233 2254 349 2320 Furius
377 2256 525 2340 Agrippa
555 2256 669 2321 consul
696 2255 833 2325 cedente,
856 2277 958 2321 cornu
985 2256 1114 2342 signum

100 2345 243 2410 militare
259 2347 404 2429 ereptum
420 2345 576 2428 signifero
591 2346 626 2409 in
639 2345 753 2410 hostes
764 2344 924 2410 Hernicos
940 2347 974 2410 et
982 2343 1115 2428 Aequos

99 2434 200 2499 misit.
228 2455 290 2517 quo
313 2432 401 2498 facto
426 2433 495 2498 eius
519 2433 677 2517 proelium
695 2434 884 2498 restitutum
902 2437 966 2497 cst:
989 2455 1116 2499 summa

61 2591 64 2596 .
99 2523 188 2587 onim
211 2522 382 2587 alacritate
400 2522 542 2587 Romani
566 2522 607 2586 ad
629 2522 850 2606 recipiendum
875 2522 1005 2606 rignum
1028 2523 1116 2586 incu-

98 2611 256 2766 bueblnl.
272 2697 423 2776 Quintius
443 2696 647 2783 Capitolinus
668 2697 782 2762 consul
801 2697 930 2782 signum
949 2697 983 2761 in
1002 2697 1113 2762 hostes
1133 2624 1167 2673 ᾖ

98 2787 242 2853 Faliscos
266 2787 360 2852 eiecit
383 2787 565 2871 militesque
587 2787 621 2851 id
644 2787 790 2870 repetere
813 2787 917 2854 iussit.

98 3015 143 3070 H¹
159 2951 186 3083 Ι2
201 2943 369 3069 ᾁέηὴῶτοιιὲι
384 2943 419 2997 H
432 2943 601 2998 dirrhatium
622 2941 668 3012 ΡἸ
684 2950 700 2998 5
714 2942 841 3012 reliquiis
855 2943 933 2998 Mod.
950 2945 954 3012 Ι
972 2948 1005 2997 12
1023 2945 1114 3013 primo

185 3032 212 3069 or
232 3031 268 3069 aa

171 3092 206 3141 15
224 3087 336 3141 tirulunr
353 3102 403 3142 om.
424 3086 467 3139 H¹
497 3087 501 3149 Ι
535 3085 710 3140 restItuenda
729 3087 761 3140 d:
780 3086 814 3152 cf.
832 3103 860 3154 p.
880 3089 931 3150 38,
955 3089 992 3140 18
1013 3083 1115 3139 consti·

100 3157 204 3211 tuenda
221 3157 293 3226 th
311 3161 343 3210 16
361 3157 450 3210 tullus
469 3157 539 3225 ΗΡ,
557 3174 604 3212 em.
623 3158 643 3212 d
667 3156 672 3228 Ι
689 3155 852 3210 adolescens
866 3157 884 3211 b
900 3155 905 3226 Ι
922 3161 955 3209 17
975 3154 1116 3210 confliexit

98 3228 144 3294 H,
168 3229 215 3283 scd
233 3245 248 3282 c
267 3244 328 3296 cap.
347 3233 372 3282 ct
389 3230 403 3282 t
420 3230 452 3282 in
470 3244 524 3282 rua
543 3229 581 3295 bl
603 3234 636 3282 18
655 3228 759 3297 raptim
777 3228 815 3295 bt
837 3232 869 3281 19
888 3226 1043 3296 recipiendi
1063 3226 1114 3299 ΡΙ

100 3298 231 3354 ardenter
249 3299 290 3367 H,
308 3301 355 3354 aed
371 3300 421 3354 alt.
440 3317 454 3352 r
471 3301 572 3354 iuras.
596 3300 600 3367 Ι
630 3304 664 3353 20
682 3297 839 3353 retulerunt
852 3298 1052 3366 Hectoras!
1080 3303 1115 3353 22

98 3369 234 3425 Hernicos
261 3370 379 3424 Volscos
388 3369 459 3426 Ded.
475 3371 534 3425 coll.
544 3369 610 3425 Lia.
625 3374 653 3436 3,
663 3375 713 3425 70.-
731 3371 766 3437 cf.
777 3370 869 3438 praef.
884 3368 905 3440 d
919 3374 952 3423 11
969 3370 974 3437 Ι
990 3375 1024 3424 23
1039 3367 1114 3423 facto

99 3442 118 3496 d
135 3444 220 3523 pacto
266 3442 311 3510 ΡΙ
328 3445 357 3497 et
370 3440 547 3565 2121212Ηέ
557 3447 591 3495 27
610 3441 750 3521 phaliacos
768 3441 804 3495 H
818 3440 945 3509 Volscos,
964 3442 1045 3496 electo
1064 3438 1114 3496 Ga·

98 3512 243 3581 pitolmus,
262 3514 332 3585 rom'.
354 3512 423 3568 Oud.
442 3514 501 3568 coll.
549 3513 587 3568 iu.
606 3516 633 3580 4,
647 3514 707 3582 291
729 3511 760 3565 rd
778 3527 828 3567 om.
843 3511 888 3566 Ηι
