2468 3832
148 176 192 240 54
352 175 427 231 IULI
445 173 623 231 FRONTINI
642 172 964 230 STRATEGEMATON

135 339 303 403 aduersus
322 337 504 404 obstinatos
520 335 682 403 Samnites
702 340 918 420 concurreret,
934 336 1163 421 ignorantibus

148 428 215 492 suis
239 426 404 511 praecepit
423 424 542 512 Spurio
560 424 696 510 Nautio,
719 429 756 490 ut
778 426 873 509 pauci
898 425 1004 490 alares
1029 430 1062 490 et
1086 447 1164 512 aga-

148 538 242 581 sones
264 516 362 580 mulis
384 515 565 581 insidentes
583 536 756 599 ramosque
779 535 838 598 per
856 519 977 579 terram
995 514 1163 580 trahentes

147 626 167 669 a
186 605 269 670 colle
287 608 476 670 transuerso
495 624 617 690 magno
635 603 778 668 tumultu
797 603 1012 668 decurrerent.
1045 604 1162 688 quibus

112 695 329 778 oprospectis
352 693 568 777 proclamauit
590 691 748 758 uictorem
771 691 884 757 adesse
909 692 1083 778 collegam,
1111 715 1162 758 oc-

147 786 305 868 cuparent
327 783 391 866 ipsi
414 782 595 866 praesentis
618 780 735 865 proelii
758 781 910 866 gloriam:
934 803 997 866 quo
1019 781 1106 848 facto
1131 787 1164 847 et

146 869 287 937 Romani
310 871 427 935 fiducia
451 870 607 935 concitati
624 870 802 956 pro<ruere
821 874 854 935 et
872 870 1006 952 hostes>
1029 872 1162 954 puluere

145 959 286 1042 perculsi
308 963 404 1043 terga
427 962 604 1024 uerterunt.

213 1048 243 1112 2.
279 1046 401 1112 Fabius
433 1047 550 1113 Rullus
580 1046 742 1112 Maximus
776 1051 892 1132 quarto
925 1050 1094 1113 consulatu
1128 1050 1162 1113 in

79 1153 128 1210 ,10
147 1133 291 1220 Samnio,
324 1137 412 1201 omni
442 1136 539 1202 modo
571 1136 693 1202 frustra
723 1142 858 1202 conatus
888 1137 989 1201 aciem
1017 1137 1162 1202 hostium

145 1247 368 1310 perrumpere,
390 1226 568 1291 nouissime
591 1225 740 1290 hastatos
764 1225 920 1290 subduxit
938 1225 1104 1291 ordinibus
1129 1232 1162 1292 et

146 1335 218 1379 cum
238 1312 390 1398 Scipione
413 1315 524 1399 legato
548 1335 606 1379 suo
630 1314 842 1378 circummisit
864 1315 1023 1406 iuspitque
1046 1315 1162 1380 collem

146 1423 274 1486 capere,
298 1424 337 1465 ex
356 1424 418 1486 quo
438 1402 566 1467 decurri
583 1406 712 1486 poterat
729 1403 763 1466 in
781 1403 926 1467 hostium
945 1407 1052 1487 terga:
1076 1404 1161 1487 quod

145 1492 203 1554 ubi
230 1490 353 1555 factum
382 1494 444 1575 est,
472 1489 629 1556 Romanis
659 1491 761 1555 creuit
790 1491 917 1555 animus
940 1497 973 1557 et
996 1490 1160 1557 Samnites

94 1596 126 1643 15
145 1579 311 1662 perterriti
333 1579 445 1664 fugam
468 1579 639 1645 molientes
663 1578 750 1645 caesi
772 1584 857 1645 sunt.

213 1667 242 1732 3.
276 1667 438 1733 Minucius
470 1667 575 1733 Rufus
606 1668 798 1753 imperator,
830 1689 903 1733 cum
937 1691 956 1733 a
984 1666 1160 1734 Scordiscis

144 1753 309 1840 Dacisque
331 1761 540 1842 premeretur,
561 1756 680 1841 quibus
705 1757 800 1841 inpar
818 1761 889 1822 erat
906 1779 1050 1839 numero,
1068 1780 1160 1842 prae-

144 1845 236 1910 misit
258 1845 395 1910 fratrem
414 1850 447 1911 et
464 1867 585 1930 paucos
603 1868 670 1910 una
688 1845 813 1929 equites
837 1867 910 1911 cum
932 1847 1159 1913 aeneatoribus

144 1935 387 2019 praecepitque,
417 1939 465 2016 ut,
495 1957 569 2000 cum
595 1933 734 2000 uidisset
762 1938 965 1999 contractum
992 1935 1160 2019 proelium,

92 2038 127 2086 20
146 2023 274 2087 subitus
298 2045 337 2087 ex
360 2024 489 2088 diuerso
513 2045 547 2087 se
571 2023 757 2088 ostenderet
779 2023 967 2107 iuberetque
991 2024 1159 2089 concinere

145 2115 348 2175 aeneatores:
371 2110 646 2195 <re>sonantibus
669 2111 832 2176 montium
855 2112 941 2198 iugis
960 2113 1087 2197 ¹species
1110 2114 1159 2177 in-

145 2200 252 2282 gentis
276 2199 493 2264 multitudinis
517 2199 621 2265 offusa
645 2205 694 2265 est
715 2199 880 2283 hostibus,
910 2222 974 2284 qua
996 2202 1160 2284 perterriti

146 2286 260 2352 dedere
284 2292 385 2372 terga.

210 2377 241 2441 4.
268 2374 393 2441 Acilius
417 2376 552 2442 Glabrio
576 2378 689 2442 consul
714 2378 870 2442 aduersus
894 2375 1048 2441 Antiochi
1072 2378 1159 2461 regis

91 2479 125 2529 25
145 2464 260 2542 aciem,
288 2487 385 2549 quam
412 2465 440 2530 is
468 2467 502 2531 in
526 2465 650 2530 Achaia
677 2487 737 2552 pro
765 2465 928 2551 angustiis
957 2465 1160 2550 Thermopy-

143 2553 251 2617 larum
270 2554 443 2634 direxerat,
466 2553 694 2639 iniquitatibus
713 2555 778 2620 loci
796 2576 863 2620 non
881 2555 1000 2619 inritus
1019 2558 1160 2636 tantum,

145 2642 202 2705 sed
225 2663 296 2706 cum
320 2643 445 2708 iactura
472 2665 600 2729 quoque
627 2644 775 2728 repulsus
804 2647 902 2728 esset,
932 2643 998 2708 nisi
1026 2643 1160 2708 circum-

145 2769 358 2777 ——...—„...—-

215 2839 231 2888 2
251 2834 307 2887 suis
326 2851 376 2889 orn.
395 2834 460 2904 H¹l
482 2835 629 2905 agasiones
648 2835 693 2888 H¹
713 2837 718 2902 1
743 2833 875 2889 emulus
893 2834 929 2889 H
946 2837 950 2903 Ι
975 2850 1159 2902 romanosque

142 2905 196 2972 ΗΙ
222 2911 237 2959 5
257 2905 324 2959 adse
338 2905 390 2973 ΗΙ
411 2909 616 2976 occupauerant
628 2906 693 2977 H¹l
716 2911 732 2960 6
750 2904 828 2960 facta
840 2905 885 2959 H¹
901 2907 905 2973 Ι
928 2910 944 2960 ‘1
963 2921 1072 2960 romam
1090 2904 1160 2958 fidn-

142 2975 214 3031 tiam
228 2976 263 3030 H
264 2977 273 3007 ¹
288 2980 293 3047 Ι
309 2976 443 3030 concitati
461 2992 593 3058 promere
612 2980 641 3032 et
658 2977 754 3031 hostes
771 2977 888 3046 puluere
902 2976 1004 3031 Hortel
1026 2974 1161 3031 concitati

143 3049 292 3118 propulere
306 3046 372 3101 ΗΡ
392 3050 526 3102 concitati
545 3049 610 3101 sunt
628 3050 657 3103 et
675 3046 815 3102 Samnites
833 3062 902 3116 prae
920 3047 1036 3118 puluere
1050 3047 1070 3102 d
1084 3063 1160 3113 ‚cou-

143 3117 225 3173 citati
244 3118 393 3188 propulere
412 3118 507 3172 hostes
526 3119 556 3172 et
570 3116 710 3172 Samnites
728 3135 797 3187 prae
811 3118 927 3188 puluere
943 3118 1029 3173 Orod:
1047 3118 1082 3184 of.
1093 3117 1160 3173 Liu.

143 3195 192 3256 10,
206 3194 313 3245 40—41
341 3192 346 3254 Ι
371 3195 387 3244 8
411 3187 547 3257 perculsit
564 3188 596 3242 H
619 3195 683 3244 aute
704 3205 759 3244 rus.
788 3187 914 3258 perpulsi
934 3189 963 3242 P
985 3189 990 3255 Ι
1019 3193 1036 3242 9
1060 3186 1160 3242 Rullus

143 3259 267 3330 Scaliger·
284 3258 397 3314 rutilius
412 3260 447 3313 H
449 3259 478 3312 P
494 3258 641 3314 Rullianus
658 3260 758 3317 Grau:
776 3261 811 3327 cf.
826 3259 918 3328 praef.
931 3257 953 3341 5
966 3263 1001 3312 11
1018 3259 1022 3326 Ι
1049 3262 1083 3311 14
1099 3264 1162 3326 post

144 3333 188 3385 est
205 3348 264 3385 unu
282 3332 335 3386 litt.
355 3333 397 3397 (et
414 3329 440 3397 .9)
459 3347 539 3387 eruca
553 3330 588 3385 H
605 3335 609 3398 1
634 3337 667 3386 16
685 3330 723 3388 M.
738 3331 843 3385 mutius
857 3329 892 3384 H
906 3328 1042 3383 Minutius
1058 3328 1104 3388 ΡΙ
1127 3334 1160 3384 17

142 3401 316 3536 aaut
335 3401 538 3526 erretur
548 3405 554 3543 l
575 3407 610 3527 {r
629 3402 758 3541 run?
771 3399 1161 3527 diluculunt

124 3540 278 3605 philatum
296 3543 338 3595 H
349 3547 361 3610 l
384 3548 420 3597 27
440 3542 606 3600 cummissus
625 3543 661 3598 H
1012 3503 1016 3537 Ι
