2468 3832
416 129 526 186 LIBER
543 130 590 187 111.
620 129 697 189 OAP.
710 138 760 189 or.
1032 132 1096 198 113

150 296 180 360 3.
212 293 325 359 Liuius
353 293 536 378 praefectus
563 293 785 359 Romanorum
815 316 922 360 arcem
949 294 1095 361 Tarenti·

83 405 199 449 norum
231 387 345 447 tenens
379 383 470 446 misit
502 382 544 447 ad
571 381 810 446 Hasdrubalem
836 382 977 468 legatos,
1006 384 1096 450 abire

83 473 133 536 uti
148 472 211 537 sibi
225 471 381 536 incolumi
393 471 520 535 liceret:
543 471 801 535 assimulatione
825 471 866 535 ad
890 473 1096 538 securitatem

84 560 276 645 perductum
299 559 426 624 hostem
450 559 620 643 eruptione
642 559 730 624 faeta
753 559 877 623 cecidit.

150 651 182 714 4.
214 646 272 713 On.
286 646 459 732 Pompeius
482 646 712 713 circumsessus
737 646 778 712 ad
792 646 1006 732 Dyrrachium
1028 664 1130 714 nono

82 740 212 802 tantum
244 737 413 803 obsidione
446 735 600 802 liberauit
627 757 717 816 suos,
748 758 863 802 uerum
891 737 990 801 etiarn
1019 745 1096 822 post

83 827 298 910 eruptionem,
321 846 419 910 quarn
442 829 626 910 opportuno
650 829 683 889 et
700 826 771 890 loco
792 830 824 890 et
841 828 988 910 tempore
1011 825 1096 891 fece·

83 917 147 999 rat,
172 913 344 980 Caesarem
376 913 418 979 ad
445 915 629 997 castellum,
657 914 743 997 quod
766 914 887 998 duplici
916 915 1095 979 munitione

48 1084 52 1092 Ι
82 1004 278 1068 instructum
301 1007 381 1087 erat,
404 1001 499 1067 auide
518 1002 757 1086 inrumpentem
779 1003 921 1068 exterior
943 1005 1012 1087 ipse
1037 1003 1095 1069 oir-

84 1092 248 1156 cumiusus
273 1113 393 1156 corona
417 1090 585 1176 obligauit,
607 1090 723 1155 utillo
746 1091 833 1155 inter
856 1113 911 1156 eos
935 1114 1015 1177 quos
1040 1092 1095 1157 ob·
1116 1107 1149 1156 10

83 1179 209 1244 sidebat
241 1182 274 1243 et
301 1200 356 1244 eos
384 1179 440 1264 qui
468 1186 559 1242 extra
582 1179 858 1244 circumuenerant
880 1181 1005 1245 medius
1029 1201 1095 1246 non

84 1269 155 1332 leue
178 1267 358 1352 periculum
382 1273 415 1332 et
438 1267 666 1332 detrimentum
691 1267 836 1333 senserit

149 1356 180 1422 b.
213 1356 345 1422 Flauius
368 1354 514 1420 Fimbria
537 1357 571 1420 in
590 1356 672 1422 Asia
695 1358 780 1441 apud
804 1355 1016 1441 Rhyndacum
1040 1355 1094 1421 ad⁶

83 1466 212 1510 uersum
241 1445 345 1510 filium
362 1440 580 1528 Mithridatis,
611 1444 755 1510 brachiis
783 1446 824 1510 ab
854 1446 956 1510 latere
980 1444 1095 1529 ductis,

83 1533 195 1598 deinde
232 1535 321 1599 fossa
352 1534 387 1598 in
418 1532 528 1599 fronte
559 1555 731 1619 percussa,
760 1535 906 1619 quietum
938 1535 973 1598 in
1005 1535 1093 1600 uallo
1113 1548 1147 1602 te

82 1622 221 1687 militem
253 1622 374 1707 tenuit,
406 1623 508 1687 donec
538 1622 668 1687 hostilis
692 1625 854 1707 equitatus
878 1622 1016 1687 intraret
1039 1645 1094 1687 an·

82 1712 207 1795 gustiss
227 1712 515 1775 munimentorum:
539 1716 616 1775 tunc
635 1712 804 1794 eruptione
823 1709 910 1775 facta
929 1733 985 1775 sex
1003 1711 1095 1776 milia

82 1820 194 1864 eorum
220 1799 344 1864 cecidit.

150 1888 179 1952 6.
207 1885 242 1951 0.
266 1883 387 1952 Caesar
408 1885 443 1950 in
467 1885 588 1969 Gallia,
615 1885 730 1950 deletis
761 1885 803 1950 ab
826 1884 1017 1970 Ambiorige
1041 1885 1096 1950 Ti-

82 1975 160 2038 turii
175 1972 290 2039 Sabini
304 1979 337 2039 et
350 1973 466 2040 Cottae
489 1975 674 2060 legatorum
688 1973 799 2058 copiis,
822 1996 895 2038 curn
918 1973 990 2050 ao.
1008 1972 1095 2040 (lice-
1114 1993 1148 2042 20

82 2084 176 2145 rone,
208 2063 264 2148 qui
295 2067 328 2127 et
356 2064 426 2148 ipse
454 2062 721 2148 oppugnabatur,
750 2063 870 2129 certior
893 2063 998 2128 factus
1022 2086 1094 2129 cum

82 2150 208 2215 duabus
231 2151 415 2238 legionibus
440 2153 645 2236 aduentaret,
668 2153 832 2218 conuersis
854 2152 1005 2218 hostibus
1029 2175 1093 2218 me·

81 2248 150 2304 tum
169 2240 337 2305 simulauit
352 2240 538 2326 militesque
556 2242 588 2306 in
609 2241 734 2324 eastris,
757 2263 838 2325 quae
857 2242 979 2308 artiora
998 2242 1094 2308 solito

80 2328 241 2394 industria
268 2328 403 2413 fecerat,
432 2331 545 2396 tenuit.
590 2329 678 2394 Galli
705 2336 914 2416 praesumpta
941 2331 1006 2396 iam
1029 2331 1094 2396 uic·

61 2418 167 2481 'toria
197 2419 287 2483 uelut
317 2419 357 2484 ad
384 2419 540 2503 praedam
570 2424 752 2484 castrorum
784 2420 954 2485 tendentes
985 2418 1093 2484 fossas
1113 2435 1148 2484 25

80 2506 205 2590 inplere
229 2511 261 2571 et
284 2507 406 2571 uallum
430 2507 598 2575 detrahere
617 2512 806 2591 coeperunt:
830 2529 893 2591 qua
915 2528 949 2570 re
972 2507 1095 2590 proelio

81 2593 190 2676 <non>
219 2596 349 2678 aptatos
373 2591 493 2659 Caesar
520 2594 638 2660 emisso
665 2599 797 2679 repente
825 2595 965 2679 undique
992 2594 1095 2660 milite

79 2681 265 2746 trucidauit.

150 2771 178 2834 7.
218 2769 361 2834 Titurius
392 2768 531 2835 Sabinus
564 2770 718 2836 aduersus
751 2769 919 2837 Gallorum
950 2773 1095 2856 amplum

81 2859 258 2923 exercitum
282 2859 476 2924 continendo
500 2860 637 2924 militem
660 2860 748 2925 intra
775 2862 976 2926 munimenta
1002 2882 1094 2945 prae·
1114 2877 1149 2926 30

154 3004 167 3052 1
192 2997 289 3053 Liuius
306 2999 366 3055 edd.
392 2996 477 3053 Velus
496 2999 574 3054 HP:
597 3002 632 3068 cf.
647 3016 678 3069 p.
693 3004 740 3068 93,
754 2999 817 3070 241
842 2999 920 3054 suti
946 2998 1023 3054 abire
1042 2998 1094 3070 Pl

80 3075 95 3124 3
115 3067 145 3124 in
163 3068 298 3126 incolumi
312 3068 362 3138 ΗΙ
386 3074 402 3123 5
420 3068 652 3126 circumsessusd
670 3071 863 3125 circumsessos
877 3070 912 3123 H
916 3071 961 3137 ΡΙ
978 3075 993 3125 7
1013 3085 1095 3138 erup·

79 3139 157 3196 tione
170 3141 287 3211 IApsias
307 3145 311 3209 Ι
336 3145 368 3194 13
387 3138 571 3210 Rhyndacum
586 3143 606 3197 d
627 3142 786 3197 rinthacum
800 3141 835 3203 H
848 3141 1025 3196 rhidinacum
1042 3140 1070 3193 P
1087 3139 1093 3222 J

81 3211 248 3268 aduersasd
271 3214 275 3283 Ι
301 3218 335 3267 14
354 3212 435 3282 aP!
462 3216 495 3267 17
514 3214 576 3266 tum
593 3213 664 3268 Ded.
685 3216 689 3280 Ι
716 3219 749 3268 19
768 3211 931 3267 abambiore
949 3210 1009 3282 gsti
1026 3211 1096 3265 itun

80 3279 201 3337 insabini
210 3284 245 3338 H
260 3285 343 3338 absin
357 3284 481 3353 bnorege
494 3283 586 3340 titurii
600 3282 692 3338 sabini
702 3283 735 3350 P,
751 3298 820 3340 corr.
835 3284 895 3340 edd.
911 3285 916 3351 Ι
933 3280 1095 3352 Ambiorige

80 3368 146 3422 rege
164 3355 202 3423 dl
224 3359 259 3410 20
278 3353 377 3424 quinto
396 3354 462 3409 ΗΡ
485 3359 489 3423 Ι
518 3360 552 3410 23
572 3355 679 3409 artiora
697 3355 854 3411 &emboli
874 3353 950 3410 Caes.
969 3355 993 3409 b.
1015 3351 1048 3410 G.
1069 3357 1096 3420 ὅ,

80 3426 126 3489 49,
146 3427 163 3477 7
190 3424 328 3494 ampliora
346 3425 412 3479 ΗΡ
438 3424 604 3495 angustiora
623 3425 694 3481 Oad.
719 3430 723 3494 Ι
749 3431 782 3480 27
808 3442 864 3480 non
887 3426 1000 3494 aptatos
1023 3425 1094 3480 Ded.

80 3494 290 3562 ooll.p.26,13
309 3499 420 3566 aptatos
434 3496 469 3550 Η
472 3497 500 3550 Ρ
516 3498 668 3567 occupatos
685 3496 753 3552 Orod.
773 3497 918 3565 inparatos
938 3497 1033 3553 Wosse

133 3591 274 3635 Psossrrus
289 3594 323 3634 ed.
337 3595 507 3636 Gundermann.
873 3589 897 3636 ὶ
