2468 3832
432 108 543 165 LIBER
560 109 595 164 11.
623 107 700 166 cAP.
720 116 744 164 3.
1054 109 1096 174 51

82 273 183 337 latere
218 272 309 336 duxit
338 275 371 336 et
398 271 559 356 capitibus
588 293 698 336 earum
729 272 862 336 castella
893 272 1097 337 communiit:

83 383 146 445 qua
175 362 314 443 ratione,
344 381 386 425 ne
415 360 603 425 circuiretur
630 361 671 425 ab
698 359 792 425 hoste
815 363 849 425 et
870 360 1016 444 peditum
1039 382 1097 427 nu·

83 471 171 514 mero
201 452 235 514 et
261 449 402 513 maxime
430 449 574 533 equitatu
602 453 790 533 superante,
819 453 1010 514 consecutus
1039 454 1098 516 est.

80 538 242 623 triplicem
263 537 378 602 deinde
396 537 541 621 peditum
560 538 662 603 aciem
677 537 842 602 ordinauit
858 537 979 602 relictis
998 539 1097 603 inter-

81 626 188 710 uallis,
209 649 267 710 per
286 626 412 710 (quae)
430 627 535 690 leuem
554 632 754 698 armaturam
773 630 807 692 et
825 627 982 711 equitem,
1000 642 1131 710 quems

81 717 117 780 in
152 715 331 780 nouissimo
364 715 603 799 conlocauerat,
641 717 704 797 [ut]
735 737 809 780 cum
840 737 893 780 res
926 717 1099 800 exegisset,

82 803 253 869 emitteret.
289 809 359 883 tum
381 805 605 889 postsignanis
628 804 684 888 qui
701 805 736 868 in
756 804 896 870 secunda
914 804 982 869 acie
1006 807 1099 869 erant

80 892 270 977 imperauit,
306 897 343 957 ut
375 894 491 957 densos
524 914 780 977 numerososque
811 894 905 977 palos
936 893 1030 957 firme
1062 893 1099 958 in

80 984 203 1046 terram
222 981 414 1066 defigerent,
432 981 584 1065 intraque
596 1002 650 1046 eos
666 981 1000 1066 adpropinquantibus
1021 1002 1098 1066 qua-

81 1070 182 1155 drigis
219 1071 509 1154 antesignanorum
546 1070 647 1134 aciem
683 1070 822 1153 recepit:
859 1074 930 1135 tum
967 1071 1097 1136 demum
1117 1085 1149 1134 10

82 1158 213 1223 sublato
242 1159 469 1223 uniuersorum
497 1158 637 1223 clamore
664 1157 782 1223 uelites
810 1162 843 1223 et
865 1159 972 1224 leuem
994 1181 1097 1224 arma·

82 1250 191 1311 turam
223 1246 368 1331 ingerere
400 1246 467 1310 tela
498 1247 603 1312 iussit.
648 1247 765 1331 quibus
797 1247 894 1312 factis
923 1248 1098 1332 quadrigae

81 1335 226 1400 hostium
258 1338 316 1400 aut
346 1334 511 1418 inplicitae
542 1335 627 1419 palis
658 1339 715 1401 aut
747 1336 922 1401 exterritae
956 1336 1099 1400 clamore

81 1424 221 1508 telisque
235 1424 270 1488 iu
284 1445 359 1489 suos
374 1445 550 1490 conuersae
569 1428 645 1489 sunt
659 1426 935 1509 turbauerrmtque
949 1423 1098 1489 Macedo·
1219 1461 1221 1466 ·

81 1535 158 1577 num
178 1516 388 1578 structuram:
412 1534 476 1597 qua
495 1512 640 1598 cedente,
659 1536 731 1579 cum
751 1512 844 1579 Sulla
863 1513 1046 1598 <in>staret
1064 1517 1097 1577 et
1116 1527 1149 1577 ιι
1176 1521 1182 1528 ’

81 1601 260 1667 Archelaus
280 1601 422 1685 equitem
441 1602 662 1686 opposuisset,
680 1602 823 1668 Romani
841 1603 966 1687 equites
986 1601 1097 1668 subito

81 1690 192 1755 emissi
220 1693 408 1755 auertenmt
435 1710 491 1754 eos
518 1695 888 1775 consummaueruntque
914 1691 1097 1757 uictoriam.

150 1779 200 1844 18.
230 1778 266 1844 0.
284 1777 404 1843 Caesar
426 1775 595 1842 Gallorum
622 1778 761 1843 falcatas
784 1779 958 1863 quadrigas
984 1779 1097 1843 eadem

79 1868 206 1932 ratione
230 1866 315 1951 palis
339 1865 451 1930 defixis
475 1867 602 1950 excepit
621 1865 837 1950 inhibuitque.

150 1955 200 2019 19.
224 1953 407 2017 Alexander
429 1952 470 2017 ad
489 1953 625 2036 Arbela,
648 1975 721 2019 cum
744 1953 890 2019 hostium
913 1953 1097 2018 multitudi-
1115 1967 1149 2017 ιο

81 2063 155 2106 nem
173 2045 353 2126 uereretur,
375 2041 492 2106 uirtuti
511 2046 619 2108 autem
638 2064 770 2108 suorum
787 2043 913 2126 fideret,
938 2041 1040 2108 aciem
1061 2042 1097 2107 in

81 2151 210 2195 omnem
236 2133 364 2213 partem
391 2134 592 2214 spectantem
619 2131 795 2217 ordinauit,
822 2136 860 2197 ut
886 2132 1097 2198 circumuenti

80 2219 221 2303 undique
244 2240 390 2304 pugnare
412 2225 556 2304 possent.

146 2308 199 2373 20.
236 2307 357 2374 Paulus
389 2309 544 2375 aduersus
575 2308 699 2376 Persen
730 2309 943 2376 Macedonum
976 2331 1095 2395 regem,

79 2418 152 2461 cum
175 2397 204 2462 is
226 2397 425 2483 phalangem
453 2419 585 2464 suorum
612 2398 775 2482 duplicem
798 2399 938 2463 mediam
960 2399 996 2462 in
1019 2420 1095 2483 par·
1114 2413 1148 2461 aa

78 2488 144 2550 tem
164 2484 335 2551 direxisset
353 2507 488 2572 eamque
506 2487 573 2551 leui
592 2491 758 2552 armatura
781 2487 937 2553 cinxisset
955 2489 988 2551 et
1008 2487 1095 2570 equi·

78 2577 147 2638 tem
166 2578 304 2658 utroque
323 2595 422 2639 cornu
442 2576 658 2657 conlocasset,
681 2576 843 2658 triplicem
863 2575 965 2640 aciem
983 2575 1095 2638 cuneis

79 2662 248 2743 instruxit,
275 2662 360 2726 inter
387 2683 468 2746 quos
491 2661 606 2726 uelites
631 2663 766 2727 subinde
790 2661 907 2727 emisit.
953 2683 1017 2747 quo
1042 2682 1095 2747 ge·

152 2841 166 2888 1
185 2835 215 2888 in
229 2833 370 2905 capitibus
384 2836 404 2891 d
420 2837 424 2902 Ι
444 2843 460 2890 2
476 2834 669 2890 circumiretur
682 2837 701 2891 d
717 2838 721 2903 Ι
742 2842 759 2890 5
777 2836 839 2908 per]
854 2837 971 2906 propter
985 2836 1071 2892 Solen

79 2922 150 2974 quae
177 2906 317 2975 suppleuit
344 2912 370 2962 et
395 2908 428 2961 ut
455 2909 532 2962 eiecit
554 2906 692 2962 Ειιιιιιιιι
720 2908 755 2974 cf.
774 2925 805 2978 ιι.
824 2911 932 2974 50,13.
957 2911 1007 2975 51,
1021 2912 1062 2963 28

79 2981 95 3030 8
108 2993 294 3045 numerosque
304 2976 339 3031 H
344 2983 408 3033 cate
422 2993 491 3033 corr.
510 2993 689 3046 ramososque
698 2978 801 3033 Ηαιιιι
815 2981 820 3048 Ι
838 2984 871 3034 10
882 2947 1095 3048 antesigiranrm

77 3048 122 3101 H¹
140 3049 388 3133 antesignanumlr
406 3049 508 3103 ante
487 3066 509 3102 ιι
511 3049 662 3118 ιιιιιιῖιιιι
677 3049 713 3118 P,
732 3067 780 3104 em.
791 3049 877 3106 Salm
894 3051 898 3117 Ι
920 3055 953 3102 11
968 3049 1094 3103 clamore

78 3119 173 3174 uelitis
187 3121 230 3175 bis
247 3119 436 3189 scripsitH¹l
459 3120 549 3174 ltim
571 3119 762 3189 licitataeHl
784 3126 818 3175 15
836 3121 1037 3174 instructuram
1051 3118 1092 3191 dl

78 3188 151 3258 sylla
169 3191 321 3259 (scaras
335 3191 370 3245 H
306 3192 429 3259 Ι
403 3121 578 3258 erberni,

77 3277 131 3327 que
145 3261 195 3329 ΡΙ
222 3266 254 3315 18
273 3263 423 3332 exemplam
441 3278 499 3316 coa
516 3230 651 3316 elicitam:
669 3263 704 3330 cf.
714 3264 807 3345 praef.
821 3261 895 3364 §91
915 3267 948 3316 21
969 3263 1093 3318 uertere-

76 3331 122 3384 tur
143 3331 300 3400 Plautem
317 3349 368 3388 om.
383 3332 449 3398 H¹l
469 3338 504 3386 25
523 3333 567 3387 his
586 3332 621 3387 H
634 3333 767 3402 {duplice
785 3333 821 3388 H
847 3334 903 3402 126
922 3331 1096 3416 armaturalll

76 3403 217 3466 (remitit
236 3407 327 3485 eruco)
346 3404 382 3457 H
402 3405 407 3473 Ι
437 3403 499 3458 ιι
490 3422 520 3458 m
538 3407 657 3473 utroque
676 3405 716 3459 P:
734 3407 769 3471 cs.
786 3422 816 3474 ιι.
836 3408 882 3472 50,
896 3406 934 3460 29
956 3408 960 3474 Ι
984 3420 1092 3460 cumeis

77 3471 111 3524 H
131 3476 136 3538 Ι
161 3477 196 3528 28
214 3472 293 3528 misit
311 3474 382 3541 HP,
400 3492 469 3531 corr.
489 3476 509 3530 d

596 3206 666 3247 corr.
683 3191 753 3247 Oad.
770 3196 775 3258 Ι
797 3198 830 3246 17
850 3192 1093 3246 consummarunt-

907 3564 943 3611 ῃ·
