2468 3832
115 117 158 180 52
319 115 395 172 IULI
412 115 590 172 FRONTINI
611 114 931 174 STRATEGEMATON

26 330 29 336 ⁴
114 301 190 344 nere
214 301 287 345 cum
310 278 479 364 profligari
501 278 585 343 nihil
609 277 746 363 uideret,
774 279 886 344 cedere
909 279 1066 362 instituit,
1094 285 1130 345 ut

114 368 176 434 hac
200 368 407 433 simulatione
430 367 618 452 perduceret
640 366 752 432 hostes
776 367 810 431 in
831 366 1027 453 confragosa
1048 368 1130 453 loca,

115 479 197 541 quae
216 479 254 521 ex
272 455 433 521 industria
451 459 649 539 captanerat.
677 478 750 521 cum
764 456 811 521 sic
825 478 962 541 quoque,
980 461 1132 540 suspecta

115 545 292 610 calliditate
319 545 553 628 recedentium,
585 544 735 609 ordinata
763 551 951 629 sequeretur
977 545 1131 630 phalanx,

80 650 96 699 5
116 635 239 719 equites
260 656 279 698 a
298 633 429 698 sinistro
452 654 552 698 cornu
575 636 705 717 praeter
728 654 820 698 oram
837 634 1013 720 phalangis
1036 634 1131 699 iussit

115 727 336 788 transcurrere
369 721 478 787 citatis
510 722 616 806 equis,
648 725 766 806 tectos,
796 725 835 786 ut
866 722 1001 788 obiectis
1031 722 1131 788 armis

114 812 187 895 ipsc
205 812 330 895 impetu
343 810 605 895 praefringerent
618 809 763 876 hostium
777 810 914 895 spicula:
934 832 998 895 quo
1014 832 1131 897 genere

114 901 256 966 telorum
276 900 435 964 exarmati
453 899 647 964 Macedones
666 899 838 965 soluerunt
861 900 962 964 aciem
986 902 1019 964 et
1037 905 1131 985 terga

115 992 293 1055 uerterunt.

64 1093 97 1142 10
182 1078 234 1142 21.
258 1076 403 1160 Pyrrhus
426 1097 487 1161 pro
510 1075 696 1142 Tarentinis
720 1076 806 1161 apud
828 1075 998 1160 Asculum,
1023 1097 1132 1141 secun-

117 1166 193 1230 dum
212 1164 422 1231 Homericum
445 1186 577 1230 uersum
601 1186 665 1248 quo
676 1165 818 1248 ,pessimi
835 1165 870 1230 in
888 1164 1031 1230 medium
1053 1165 1132 1229 reci·

116 1255 266 1340 piuntur,
295 1255 408 1319 dextro
432 1275 534 1319 cornu
557 1252 719 1318 Samnites
743 1253 976 1338 Epirotasque,
999 1253 1132 1318 sinistro

115 1344 265 1408 Bruttios
286 1347 383 1427 atque
402 1341 549 1407 Lucanos
569 1362 641 1406 cum
661 1339 865 1427 Sallentinis,
885 1343 920 1407 in
938 1342 1046 1406 media
1065 1342 1133 1407 acie

117 1430 313 1497 Tarentinos
333 1430 528 1514 conlocauit,
546 1430 727 1513 equitatum
747 1433 780 1494 et
798 1430 989 1514 elephantos
1008 1431 1043 1494 in
1062 1431 1134 1495 sub-

65 1535 98 1583 15
117 1521 207 1585 sidiis
232 1541 302 1583 esse
324 1518 429 1583 iussit.

184 1605 308 1672 Contra
331 1606 496 1691 consules,
519 1606 690 1690 aptissime
713 1606 827 1672 diuisis
848 1608 884 1672 in
908 1629 1030 1673 cornua
1048 1608 1134 1691 equi·

117 1697 221 1781 tibus,
247 1696 393 1782 legiones
417 1695 453 1759 in
474 1695 581 1778 prima
604 1695 673 1760 acie
697 1699 730 1760 et
751 1696 786 1760 in
810 1695 962 1761 subsidiis
986 1697 1134 1762 conloca·

118 1789 236 1850 uerunt
254 1785 356 1859 ethis
375 1784 610 1850 immiscuerunt
628 1783 757 1850 auxilia
789 1783 849 1849 XL
866 1785 959 1850 milia
972 1785 1134 1868 utrimque

118 1874 219 1939 fuisse
248 1877 392 1939 constat:
422 1872 540 1956 Pyrrhi
567 1872 702 1937 dimidia
723 1894 800 1958 pars
824 1874 982 1939 exercitus
1006 1873 1135 1956 amissa,

66 1976 100 2026 20
120 1963 204 2047 apud
227 1962 394 2028 Romanos
418 1961 449 2026 V
473 1961 564 2026 milia
586 1961 769 2026 desiderata
791 1965 876 2027 sunt.

187 2052 239 2117 22.
262 2049 320 2116 On
334 2049 507 2133 Pompeius
527 2048 682 2115 aduersus
702 2048 737 2116 O.
752 2048 925 2116 Gaesarem
938 2050 1135 2136 Palaephar-

120 2140 180 2204 sali
203 2140 369 2223 triplicem
391 2138 546 2202 instruxit
568 2139 685 2218 aciem,
708 2161 845 2223 quarum
868 2140 1015 2224 singulae
1035 2139 1135 2205 denos

121 2228 248 2292 ordines
271 2227 308 2291 in
330 2225 537 2291 latitudinem
559 2225 750 2292 habuerunt.
789 2227 936 2312 legiones
960 2228 1136 2292 secundum

120 2317 278 2382 uirtutem
302 2315 455 2399 cuiusque
477 2314 684 2381 firmissimas
701 2316 736 2380 in
755 2315 907 2381 cornibus
926 2319 960 2379 et
976 2316 1010 2380 in
1030 2316 1135 2380 medio

67 2419 102 2468 25
121 2404 317 2487 conlocauit,
349 2404 454 2487 spatia
482 2403 534 2469 his
562 2404 757 2488 interposita
778 2404 941 2469 tironibus
964 2403 1136 2488 suppleuit.

122 2494 234 2560 dextro
257 2494 360 2558 latere
382 2490 441 2558 Dc
465 2494 589 2577 equites
612 2495 749 2577 propter
770 2491 890 2558 flumen
913 2490 1054 2576 Enipea,
1082 2493 1137 2577 qui

122 2587 154 2648 et
177 2584 271 2648 alueo
297 2605 356 2648 suo
378 2585 411 2646 et
429 2581 549 2646 alluuie
568 2581 736 2666 regionem
759 2580 954 2667 inpedierat,
976 2581 1138 2667 reliquum

195 2748 208 2792 1
228 2738 324 2794 uidere
339 2739 374 2793 H
391 2743 395 2808 Ι
420 2744 436 2793 5
455 2739 525 2793 hora
538 2702 584 2793 H¹
602 2738 704 2792 horale
730 2754 781 2793 cra
796 2739 831 2807 P,
851 2740 959 2795 correxi
977 2740 982 2808 Ι
1013 2745 1029 2793 6
1048 2740 1139 2793 tectos

121 2812 248 2880 quemuis
266 2811 335 2865 darc
353 2811 457 2866 dictam
474 2815 580 2864 matare
597 2824 655 2864 reon
672 2809 774 2864 audeo:
792 2810 827 2876 ef.
842 2810 918 2866 Diet.
937 2814 997 2877 3,7
1023 2810 1101 2864 actos
1120 2810 1140 2863 d

121 2883 217 2936 uector
237 2880 314 2936 Stew.
338 2881 462 2936 intentos
480 2879 583 2950 Horta}
602 2884 634 2934 10
653 2877 755 2947 Pyrrus
773 2880 819 2950 Pl
834 2882 920 2936 acrba
939 2880 1089 2936 secundam
1105 2909 1138 2918 -

122 2951 296 3034 recipiuntur
313 2968 370 3007 ooo
391 2953 550 3021 temptando
567 2955 647 3005 aare:
673 2952 709 3016 ef.
726 2952 816 3034 prqef.
835 2950 857 3023 ἕ
876 2957 894 3007 9
915 2951 921 3019 Ι
946 2957 979 3005 12
1004 2949 1139 3004 samnitas

123 3024 322 3094 eph1rat0sque
336 3022 380 3093 ΡΙ
398 3029 431 3078 16
451 3039 535 3077 cornu
549 3021 586 3076 H
598 3022 603 3089 Ι
625 3025 658 3075 18
676 3019 724 3074 XL
741 3023 834 3093 mrlra]
855 3021 919 3077 .XL.
934 3020 1014 3089 ΗΡΙ
1034 3024 1139 3074 utrum·

123 3112 242 3237 0113ny
259 3110 443 3237 oygrimlrua]
464 3109 556 3234 ,Ἦ
571 3097 614 3165 si.
629 3109 676 3179 Ρι
696 3108 1144 3237 ειᾶαιοξξωωιῑεῑωριιέωξξ

153 3199 311 3309 ,surra
336 3197 518 3322 ,seur
532 3180 747 3320 areth
764 3185 797 3309 ‚l
814 3196 1035 3320 ,rme
1049 3183 1114 3320 a,
1134 3251 1137 3322 ,

125 3346 160 3395 25
178 3341 214 3394 iis
233 3342 261 3395 P
283 3344 288 3410 Ι
317 3346 352 3396 26
372 3340 434 3396 ‚DQ
454 3340 563 3409 equites
584 3340 765 3414 cxingentessl
782 3342 828 3410 (in
849 3341 1066 3412 supercriptam
1084 3345 1140 3395 ets

124 3416 217 3479 moso)
234 3412 280 3466 H.-
298 3413 333 3479 cf.
350 3413 439 3481 praef.
454 3410 540 3484 §141
562 3411 677 3467 flumine
696 3412 812 3481 (flumen
828 3414 858 3481 h)
877 3411 961 3482 nipea
979 3412 1015 3467 H
1038 3413 1142 3467 flumen

125 3481 255 3553 enipeum
275 3483 320 3550 ΡΙ
340 3489 374 3537 27
393 3482 486 3538 luuiae
506 3484 597 3552 (prior
615 3503 634 3538 u
652 3501 686 3540 erc
703 3484 726 3551 i)
746 3484 781 3537 H
809 3483 902 3540 eluuie
922 3482 992 3539 oud.
