2468 3832
424 163 534 227 LIBER
551 164 586 219 ΙΙ.
614 164 691 221 CAP.
711 172 736 221 3.
1045 167 1088 230 49

74 328 253 394 certamine
286 325 411 392 diduxit
441 325 571 392 ordines
604 326 682 411 <et>
715 349 735 392 a
766 327 924 394 lateribus
957 331 1090 395 circum-

77 421 193 482 uentos
217 438 272 481 eos
294 414 388 481 fudit.

145 505 196 570 13.
210 503 351 569 Gastron
363 503 647 589 Lacedaemonius,
661 523 734 569 cum
750 505 813 586 [in]
828 505 951 570 auxilio
961 505 1091 591 Aegyp·
1107 554 1109 558 »

75 593 132 658 tiis
156 593 310 658 aduersus
327 592 444 658 Persas
467 593 612 658 uenisset
634 597 668 658 et
690 593 799 678 sciret,
824 594 1001 659 firmiorem
1020 616 1090 660 esse

76 681 239 747 Graecum
267 681 405 746 militem
432 683 599 766 magisque
622 703 642 746 a
664 681 772 747 Persis
799 682 921 767 timeri,
948 698 1126 747 commu-o

77 771 158 835 tatis
182 771 281 835 armis
301 769 442 836 Graecos
465 769 500 834 in
522 770 628 854 prima
650 771 761 853 posuit
784 771 853 836 acie
876 776 924 855 et,
947 793 1021 836 cum
1043 771 1091 836 illi

77 879 180 943 aequo
194 858 300 924 Marte
317 863 511 945 pugnarent,
531 859 682 924 submisit
695 858 933 944 Aegyptiorum
946 881 1091 925 manum:

77 947 196 1012 Persae
219 969 292 1012 cum
316 947 461 1029 Graecis,
484 969 565 1031 quos
582 946 765 1032 Aegyptios
789 948 1020 1033 opinabantur,
1043 969 1092 1012 re-

77 1036 256 1118 stitissent,
283 1036 532 1119 superueniente
559 1036 781 1120 multitudine,
808 1058 906 1121 quarn
933 1041 971 1102 ut
993 1037 1092 1102 Grae

77 1145 191 1190 eornm
215 1127 427 1208 expauerant,
450 1127 625 1189 cesserunt.
817 1165 819 1168 <
1114 1140 1145 1189 10

133 1213 199 1291 ,14
228 1209 286 1277 On.
308 1210 484 1295 Pompeius¹
505 1213 540 1278 in
562 1210 720 1296 Albania,
748 1213 824 1296 quia
846 1212 958 1278 hostes
982 1219 1015 1278 et
1037 1236 1093 1279 nu-

79 1322 167 1366 mero
192 1304 225 1365 et
245 1301 393 1385 equitatu
415 1301 661 1386 praeualebant,
683 1301 774 1366 iuxta
797 1301 914 1367 collem
935 1303 971 1366 in
995 1321 1093 1386 angu-

79 1390 150 1455 stiis
182 1392 354 1475 protegere
386 1391 511 1475 galeas,
546 1411 587 1454 ne
622 1389 751 1475 fulgore
784 1412 895 1455 earum
928 1391 1094 1476 conspicui

79 1478 208 1562 fierent,
241 1479 338 1543 iussit
367 1478 549 1564 <pedites>,
581 1478 705 1563 equites
739 1478 854 1545 deinde
886 1479 922 1544 in
955 1501 1092 1565 aequum

79 1567 252 1651 procedere
272 1589 309 1632 ac
327 1568 418 1632 uelut
437 1568 648 1652 praetendere
666 1568 843 1652 peditibus,
865 1569 1094 1653 praecepitque
1114 1584 1147 1633 15

80 1656 139 1740 eis,
171 1660 210 1721 ut
238 1655 278 1720 ad
305 1656 445 1739 primum
472 1656 631 1739 impetum
663 1656 808 1722 bostium
837 1656 1023 1743 refugerent
1053 1661 1095 1741 et,

82 1745 180 1808 simul
204 1745 244 1809 ad
267 1744 394 1828 pedites
417 1746 551 1808 uentum
575 1746 675 1828 esset,
700 1745 735 1808 in
757 1745 869 1809 latera·
883 1744 1096 1809 discederent:

81 1833 168 1916 quod
186 1832 242 1896 ubi
263 1832 450 1915 explicitum
469 1835 528 1914 est,
545 1831 710 1915 patefacto
730 1831 803 1896 loco
823 1832 932 1897 subita
949 1832 1096 1917 peditum

80 1920 282 1986 consurrexit
304 1921 389 1983 acies
411 1919 620 2004 inuectosque
641 1922 763 1984 temere
789 1919 901 1985 hostes
925 1921 1096 2004 inopinato

80 2008 241 2073 interfusa
263 2007 387 2090 proelio
410 2008 535 2073 cecidit.
1115 2024 1149 2074 ao

151 2096 201 2161 15.
224 2095 266 2160 M.
282 2096 446 2162 Antonius
466 2097 620 2162 aduersus
634 2096 786 2180 Parthos,
804 2098 861 2183 qui
873 2097 1004 2163 infinita
1017 2098 1096 2163 mul-

81 2184 219 2249 titudine
235 2185 428 2270 sagittarum
445 2187 620 2251 exercitum
640 2187 707 2251 eius
723 2186 914 2272 obruebant,
928 2186 1096 2252 subsidere

82 2294 157 2339 suos
186 2277 219 2338 et
240 2273 438 2340 testudinem
463 2275 571 2341 facere
599 2275 709 2341 iussit:
738 2298 837 2359 supra
864 2298 962 2360 quam
989 2279 1096 2341 trans-

82 2363 190 2428 missis
214 2363 345 2449 sagittis
365 2366 434 2429 sine
454 2364 594 2428 militum
613 2385 699 2429 noxa
718 2364 895 2430 exhaustus
915 2369 966 2429 est
982 2364 1097 2430 bostis.

151 2453 201 2516 16.
229 2450 398 2518 Hannibal
427 2453 582 2517 aduersus
605 2451 789 2537 Scipionem
810 2452 846 2516 in
869 2452 995 2536 Africa,
1024 2473 1096 2516 cum
1116 2466 1150 2515 ao

82 2539 218 2604 baberet
247 2541 423 2605 exercitum
447 2561 486 2604 ex
509 2519 628 2604 Poenis
652 2545 684 2604 et
707 2540 933 2623 auxiliaribus,
962 2562 1098 2623 quorum

84 2648 169 2711 pars⁴
188 2648 255 2691 non
283 2628 389 2691 solum
417 2650 457 2693 ex
485 2628 620 2692 diuersis
648 2628 810 2711 partibus,
843 2628 899 2693 sed
932 2629 1030 2693 etiam
1059 2650 1097 2693 ex

82 2714 205 2779 Italicis
226 2716 406 2798 constabat,
423 2720 500 2800 post
519 2714 710 2800 elephantos
725 2714 853 2800 LXXX,
868 2717 923 2801 qui
941 2717 977 2781 in
992 2719 1099 2801 prima

83 2804 191 2869 fronte
215 2804 315 2887 positi
339 2805 482 2870 hostium
503 2804 674 2870 turbarent
692 2806 808 2889 aciem,
832 2805 1005 2870 auxiliares
1025 2805 1098 2870 Gal·

157 2969 169 3016 1
190 2961 308 3017 deduxit
326 2961 361 3016 H
382 2964 387 3030 Ι
412 2963 442 3016 et
459 2963 561 3018 udd.d
586 2964 590 3030 Ι
619 2961 818 3017 tcastronius
838 2961 940 3029 OHP,
962 2978 1032 3018 corr.
1049 2961 1099 3018 Oe

84 3034 160 3090 aaut.
176 3050 209 3089 ec
220 3032 354 3104 Polycen.
365 3037 441 3100 2,16
457 3035 461 3097 Ι
477 3032 507 3087 in
523 3034 573 3089 det.
586 3032 670 3088 Teura
689 3033 720 3087 in
739 3032 874 3087 auxilium
892 3034 951 3088 edd.
968 3035 973 3102 Ι
989 3038 1004 3087 5
1025 3049 1042 3088 a
1056 3033 1087 3087 P.

83 3120 179 3174 persas
199 3104 234 3157 H
250 3104 254 3175 Ι
278 3110 294 3159 8
314 3105 344 3158 et
362 3121 425 3159 cum
438 3103 475 3158 H
491 3107 495 3172 Ι
521 3109 537 3158 9
556 3105 799 3174 superuenientem
816 3102 1028 3159 multitudinem
1041 3104 1078 3159 H

85 3181 116 3229 11
138 3175 167 3229 et
184 3193 211 3228 n.
232 3175 272 3247 et]
292 3175 436 3230 innumero
455 3176 475 3230 d
494 3179 499 3240 Ι
524 3177 554 3230 et
570 3175 697 3244 peditum
714 3192 831 3230 numero
849 3175 951 3231 Hartel
971 3177 975 3243 Ι
1001 3180 1035 3229 14
1053 3191 1100 3246 pe-

85 3246 157 3300 dites
171 3248 261 3316 aappt.
279 3246 365 3302 Oud:
383 3246 418 3313 cf.
429 3262 460 3315 p.
475 3249 583 3315 47,22;
601 3263 640 3302 aa
656 3248 713 3314 fuit
730 3246 760 3302 in
779 3246 916 3316 angustiis
935 3244 1100 3320 <subsidere

85 3314 194 3386 pedites
209 3320 239 3372 et
253 3315 362 3392 scutis>
375 3320 523 3400 protegere
539 3317 682 3386 -iussit,
697 3317 805 3388 equites
818 3318 877 3373 coll.
887 3317 975 3373 Diua.
985 3318 1079 3386 37,ss
1095 3318 1099 3390 Ι

87 3392 120 3440 15
138 3389 256 3455 praeterr
269 3388 314 3470 H¹
330 3391 334 3458 Ι
352 3395 386 3445 18
400 3387 564 3472 explicitum
578 3389 637 3444 cdd.
657 3388 831 3472 displipitom
841 3389 876 3443 H
877 3389 906 3443 P
919 3390 973 3474 114
988 3390 1101 3444 exustus

86 3457 122 3582 g
139 3459 367 3596 ptall'ilcparpcrllpupp
381 3460 493 3599 {diuisis
500 3460 596 3585 IIIJede
616 3475 653 3514 au
671 3460 832 3530 gentibus?
851 3461 886 3528 cf.
901 3461 967 3515 Lau.
981 3464 1028 3527 30,
1042 3465 1079 3515 35
1095 3461 1108 3525 Ι

139 3628 278 3671 Faorrmrs
292 3629 328 3671 ed.
342 3627 517 3675 Gundomann.
962 3617 985 3661 ζ
