2468 3832
140 146 185 234 44
345 145 419 202 IULI
438 145 616 201 FRONTINI
636 145 958 204 STRATEGEMATON

140 310 275 392 ipsaque
297 309 361 373 loci
384 313 502 373 natura
525 331 585 392 pro
604 311 813 375 munimentis
837 333 913 376 usus
937 311 1154 377 clarissimum

141 397 254 461 ducem
277 398 364 462 uicit.

209 486 237 551 7.
259 485 350 550 Idem
370 487 455 571 apud
474 483 617 565 Cannas,
636 508 709 551 cnm
733 489 943 570 comperisset
958 487 1154 553 Volturnum

141 596 268 638 amnem
297 576 382 638 ultra
409 574 608 658 reliquorum
635 578 786 639 naturam
817 575 986 641 fluminum
1013 577 1155 662 ingentis

105 680 121 727 s
140 684 235 727 auras
258 685 354 727 mane
382 661 535 746 proflare,
563 684 645 746 quae
669 685 839 727 arenarum
863 668 895 728 et
918 665 1062 748 pulueris
1086 688 1156 730 uer·

140 751 220 815 tices
249 755 396 835 agerent,
425 751 471 816 sic
500 751 616 814 direxit
644 751 759 832 aciem,
787 755 824 814 ut
846 756 917 816 tota
945 754 995 817 uis
1020 776 1040 817 a
1062 759 1155 838 tergo

141 840 221 922 suis,
249 839 408 903 Romanis
436 840 471 903 in
495 860 551 903 ora
575 843 608 903 et
631 839 742 904 oculos
764 839 940 904 incederet:
967 843 1084 924 quibus
1108 844 1155 906 in·

140 927 318 992 commodis
337 928 418 992 mire
437 928 523 992 hosti
543 927 789 992 aduersantibus
803 928 895 993 illam
909 930 1155 994 memorabilem

140 1017 276 1100 adeptus
301 1020 351 1080 est
373 1016 555 1082 uictoriam.

88 1121 120 1169 10
207 1105 236 1168 8.
267 1103 390 1170 Marius
420 1105 575 1170 aduersus
598 1102 747 1171 Gimbros
776 1125 813 1169 ac
840 1104 1004 1170 Teutonos
1033 1106 1155 1170 consti·

139 1195 211 1257 tnta
230 1193 280 1256 die
299 1198 504 1280 pugnaturus
523 1194 688 1259 firmatum
705 1193 777 1258 cibo
796 1193 935 1258 militem
954 1197 1030 1258 ante
1050 1199 1157 1258 castra

140 1281 338 1365 conlocauit,
367 1287 404 1346 ut
432 1304 490 1367 per
519 1283 721 1366 aliquantum
750 1283 862 1367 spatii,
890 1304 954 1366 quo
979 1282 1157 1346 aduersarii

141 1371 389 1452 dirimebantur,
413 1371 572 1435 exercitus
595 1370 741 1436 hostium
763 1371 873 1455 potius
896 1371 1007 1436 labore
1031 1371 1156 1449 itineris

139 1459 380 1543 profligaretur:
412 1458 600 1543 fatigationi
633 1459 747 1524 deindo
775 1480 888 1524 eorum
915 1460 1157 1525 incommodum

89 1562 120 1612 15
142 1547 230 1610 aliud
250 1547 378 1630 obiecit,
396 1547 444 1611 ita
458 1547 609 1612 ordinata
628 1569 759 1612 suorum
779 1549 858 1632 acie,
876 1551 913 1612 ut
933 1548 1068 1612 aduerso
1089 1549 1156 1612 sole

142 1638 174 1698 et
193 1638 293 1699 uento
313 1639 346 1699 et
362 1637 496 1720 puluere
520 1637 731 1702 barbarorum
755 1640 966 1720 occuparetur
988 1637 1156 1701 exercitus.

209 1724 238 1789 9.
276 1721 463 1789 Cleomenes
496 1724 771 1790 Lacedaemonius
809 1725 964 1789 aduersus
998 1723 1156 1809 Hippiam

144 1812 389 1897 Atheniensem,
418 1814 473 1898 qui
498 1814 644 1897 equitatu
661 1814 892 1899 praeualeb'at,
914 1813 1099 1897 planitiem,
1123 1814 1157 1877 in

142 1923 205 1984 qua
229 1901 439 1967 dimicaturus
463 1906 547 1986 erat,
571 1903 740 1969 arboribus
764 1903 939 1987 prostratis
962 1901 1101 1987 inpediit
1124 1906 1158 1965 et

88 2006 122 2054 20
141 1990 265 2054 inuiam
288 1991 367 2055 fecit
390 1991 501 2075 equiti.

209 2079 259 2142 10.
289 2078 405 2142 Hiberi
427 2079 462 2142 in
485 2078 597 2142 Africa
620 2079 746 2163 ingenti
773 2078 919 2143 hostium
947 2079 1156 2144 multitudine

141 2167 266 2248 excepti
284 2167 513 2250 timentesque,
536 2189 576 2231 ne
596 2167 856 2250 circumirentur,
879 2167 1105 2251 adplicuerunt
1123 2189 1158 2231 se

140 2254 281 2337 flumini,
303 2255 389 2339 quod
414 2256 489 2320 altis
507 2256 542 2319 in
562 2277 600 2320 ea
617 2257 750 2341 regione
773 2256 852 2339 ripis
871 2256 1087 2338 praefluebat:
1109 2256 1158 2318 ita

142 2346 277 2428 atergo
301 2365 395 2408 amne
419 2344 544 2410 defensi
573 2348 606 2409 et
634 2344 782 2425 subinde,
811 2364 884 2407 cnm
913 2344 1035 2408 uirtute
1063 2363 1155 2426 prae·

88 2446 121 2496 25
143 2434 280 2515 starent,
304 2432 497 2497 incursando
515 2433 550 2497 in
569 2434 734 2518 proximos
754 2453 883 2496 omnem
906 2431 1050 2497 hostium
1070 2452 1156 2494 exer·

141 2522 460 2587 citum-strauerunt.

210 2611 260 2674 11.
290 2609 498 2695 Xanthippus
522 2608 795 2675 Lacedaemonius
825 2610 897 2675 sola
924 2609 987 2674 loci
1015 2630 1158 2674 commu-

140 2698 265 2762 tatione
293 2698 456 2764 fortunam
480 2698 594 2763 Punici
621 2699 699 2763 belli
726 2698 896 2764 conuertit.
942 2719 1018 2762 nam
1042 2719 1114 2762 cum
1138 2719 1158 2760 a

142 2785 389 2870 desperantibus
416 2788 481 2851 iam
511 2785 836 2871 Carthaginiensibus
864 2785 1011 2851 mercede
1039 2785 1156 2850 sollici-

87 2890 121 2939 30
140 2877 230 2939 tatus
259 2876 544 2940 animaduertisset
566 2875 666 2939 Afros
694 2875 839 2960 quidem,
865 2875 921 2958 qui
949 2873 1096 2957 equitatu
1125 2875 1157 2935 et

142 2963 324 3048 elephantis
339 2965 560 3048 praestabant,
575 2963 675 3030 collos
690 2963 818 3048 sectari,
833 2961 1023 3027 aRomanis
1039 2964 1157 3044 autem,

214 3110 227 3157 1
252 3101 309 3157 loci
329 3102 366 3170 (ci
385 3105 417 3157 iu
435 3119 489 3157 ras.
508 3103 539 3170 la)
556 3102 591 3156 H
610 3105 614 3170 1
643 3107 661 3156 4
680 3118 791 3157 amnem
811 3132 844 3142 -
862 3099 1021 3170 fluminum]
1040 3100 1157 3154 uentum

106 3177 109 3185 '
140 3205 175 3216 -
189 3173 334 3229 flaminum
345 3173 491 3229 Oluaerius
507 3173 511 3244 Ι
526 3172 664 3228 Volturno
675 3172 807 3227 Aufidum
819 3171 903 3227 Oud:
916 3171 952 3237 cf.
963 3170 1052 3239 praef.
1068 3168 1089 3241 ἕ
1099 3175 1132 3223 11
1150 3169 1155 3240 Ι

141 3250 157 3300 5
176 3245 297 3315 profloro
316 3244 351 3298 H
375 3250 439 3300 aule
457 3261 525 3300 corr.
552 3248 556 3308 Ι
582 3251 598 3299 6
622 3247 721 3314 aterga
738 3245 770 3299 H
794 3246 799 3313 Ι
829 3249 844 3298 7
863 3241 1001 3296 incideret
1018 3241 1069 3295 er
1092 3243 1096 3304 Ι
1123 3245 1157 3294 12

141 3316 217 3384 quod
232 3317 263 3370 H
279 3318 283 3386 1
302 3322 333 3371 13
353 3317 441 3371 totius
456 3315 558 3370 Hartel
575 3315 654 3385 prius
669 3315 739 3370 Oad.
758 3313 885 3397 protinus
898 3312 1028 3367 Herelius
1045 3314 1048 3380 Ι
1073 3317 1106 3367 15
1125 3313 1158 3365 ut

140 3403 271 3454 saperem.
292 3389 326 3440 H
347 3391 353 3456 l
379 3392 411 3441 17
435 3387 515 3455 hippi
533 3386 569 3440 H
590 3388 593 3454 Ι
620 3393 654 3442 19
672 3385 783 3456 inpedit
801 3384 844 3438 H¹
869 3387 873 3448 1
899 3389 931 3438 21
957 3383 1061 3437 Hebcri
1080 3383 1125 3437 H¹
1151 3382 1155 3453 Ι

141 3458 258 3512 africam
272 3459 341 3524 HP,
360 3475 429 3513 corr.
444 3459 464 3512 d
479 3459 483 3525 Ι
500 3463 533 3511 23
554 3457 604 3526 qui
621 3459 663 3513 ita
680 3458 727 3525 ΡΙ
744 3461 777 3511 27
796 3455 956 3525 Xantippus
975 3455 1022 3523 Pl
1038 3460 1072 3508 29
1092 3471 1158 3508 nam

134 3528 184 3577 ff
196 3533 210 3593 χ’
233 3527 500 3598 carthaginensibus
514 3528 550 3582 H
