2468 3832
438 134 547 188 LIBER
565 134 611 190 IV.
649 132 726 192 CAP.
748 140 771 191 7.
1051 134 1112 197 141

100 299 245 382 equitum
281 298 501 361 Romanorum
538 299 624 360 esset
660 318 775 360 manus
813 317 912 379 eaque
950 317 1115 360 armorum

102 386 239 451 scientia
257 386 379 449 milites
399 385 579 467 conficeret,
598 406 656 449 ora
674 385 847 466 oculosque
866 406 977 449 eorum
997 384 1116 469 gladiis

101 475 169 558 peti
192 474 288 538 iussit
312 473 414 537 etsie
438 494 551 537 auersa
573 472 655 536 faeie
679 472 789 537 cedere
813 472 928 556 coegit.

170 562 222 627 33.
254 560 408 645 Voccaei,
435 583 508 627 cum
537 583 556 624 a
584 558 775 644 Sempronio
804 559 950 625 Graccho
980 561 1116 625 conlatis

103 650 206 734 signis
229 652 436 735 urgerentur,
468 649 637 714 uniuersas
668 648 777 733 copias
802 650 928 714 cinxere
951 649 1151 732 plaustris,5

103 761 185 823 quae
210 739 416 822 inpleuerant
442 737 628 803 fortissimis
656 737 736 801 uiris
766 736 917 801 muliebri
939 739 1030 800 ueste
1052 740 1117 801 tec·

102 829 160 892 tis:
184 825 419 911 Sempronium,
436 829 604 909 tamquam
619 825 773 890 aduersus
787 824 926 889 feminas
947 824 1117 888 audentius

100 914 144 980 ad
163 914 356 980 obsidendos
373 914 758 998 hostisoonsurgentem,
781 913 816 977 hi
835 914 890 998 qui
908 913 944 976 in
961 912 1117 998 plaustris

101 1008 195 1068 erant
218 1003 363 1088 adgressi
385 1002 589 1086 fugauerunt.

170 1092 222 1156 34.
255 1091 416 1155 Eumenes
440 1088 632 1167 Cardianus,
654 1110 693 1154 ex
717 1090 958 1154 successoribus
977 1088 1117 1154 Alexan·
1138 1107 1171 1155 ro

102 1179 167 1262 dri,
199 1179 234 1242 in
267 1179 402 1242 castello
435 1177 577 1261 quodam
610 1177 766 1263 clausus,
788 1178 940 1261 quoniam
972 1199 1117 1242 exercere

106 1288 207 1351 equos
234 1288 301 1331 non
327 1270 469 1351 poterat,
502 1266 600 1330 certis
633 1265 751 1330 cotidie
781 1265 872 1329 horis
904 1265 952 1330 ita
984 1287 1118 1350 suspen-

104 1355 222 1440 debat,
262 1359 299 1420 ut
340 1354 575 1437 posterioribus
618 1353 753 1438 pedibus
794 1354 914 1438 innixi,
954 1355 1117 1437 prioribus

105 1444 270 1526 alleuatis,
300 1443 376 1508 dum
398 1444 580 1509 naturalem
604 1442 782 1508 adsistendi
804 1444 963 1527 appetunt
984 1464 1118 1509 consue-

106 1531 266 1614 tudinem,
289 1532 331 1596 ad
354 1532 504 1597 sudorem
527 1553 628 1615 usque
652 1553 746 1596 crura
768 1530 935 1596 iactarent.
1138 1548 1170 1596 15

172 1620 224 1686 35.
256 1618 647 1703 circumducentibus
671 1619 821 1684 barbaris
845 1620 941 1684 duces
964 1620 1118 1684 itinerum

105 1712 138 1773 et
160 1709 294 1793 insuper
321 1707 534 1791 praesidium,
563 1708 591 1771 si
613 1727 735 1792 magna
765 1729 891 1772 summa
915 1707 961 1772 eis
985 1708 1118 1791 promit

103 1801 236 1879 teretur,
258 1817 326 1860 non
344 1795 507 1859 dubitauit
525 1794 680 1878 polliceri,
703 1795 780 1877 quia
799 1799 856 1858 aut
877 1794 1056 1858 uictoribus
1081 1816 1119 1859 ex

104 1885 218 1967 spoliis
242 1883 416 1947 hostilibus
435 1885 570 1965 'poterat
593 1882 669 1946 dare
693 1885 750 1945 aut
771 1881 951 1946 interfectis
974 1884 1121 1947 exsoluam

106 1973 203 2036 batur
221 1971 392 2054 promisso.
1138 1989 1172 2036 20

173 2059 225 2123 36.
257 2057 293 2133 Q.
320 2058 481 2122 Maximus
509 2057 714 2143 transfugere
744 2057 785 2122 ad
814 2057 926 2123 hostes
954 2059 1118 2123 uolentem

105 2145 285 2231 Statilium,
310 2146 453 2211 nobilem
482 2148 589 2212 clarae
618 2168 734 2231 operae
758 2147 914 2232 equitem,
943 2147 1054 2211 uocari
1077 2146 1118 2210 ad
1191 2148 1195 2155 '

177 2363 191 2410 1
211 2372 352 2411 armorum
370 2373 404 2411 aa
422 2372 564 2410 armerum
582 2356 634 2424 Hp
656 2361 672 2409 2
692 2356 811 2412 scientia
831 2355 926 2411 GHP
941 2356 1120 2424 magnificen-

104 2426 146 2482 tia
162 2428 231 2482 Ocd.
250 2428 310 2483 coll.
333 2427 409 2482 Plut.
432 2426 507 2482 Ocea.
526 2430 571 2481 44.
585 2431 629 2482 45.
649 2427 744 2496 Pomp.
759 2433 796 2482 69
825 2427 830 2498 Ι
860 2427 1008 2482 conficeret
1026 2426 1092 2481 GH
1096 2425 1124 2478 P

106 2498 326 2552 confunderetd
355 2509 360 2566 ι
394 2503 410 2552 3
429 2512 527 2551 auersa
550 2496 623 2551 facie
642 2496 721 2552 Statu
754 2514 883 2552 auersam
906 2496 1008 2550 faciem
1029 2495 1125 2551 cHP

106 2584 236 2622 auersam
255 2566 344 2621 aciem
365 2566 451 2621 Grau.
472 2582 571 2620 auersa
591 2567 650 2621 acie
670 2567 727 2622 Ser.
745 2567 750 2638 1
770 2573 788 2621 4
806 2565 927 2622 Vaccaei
945 2565 1011 2619 ΗΡ
1027 2565 1123 2621 Vocca

107 2638 134 2692 ei
155 2636 181 2691 G
199 2635 321 2691 Vaccaei
340 2638 399 2691 edd.
416 2639 420 2705 1
437 2637 543 2705 gracho
562 2637 614 2706 ΗΙ
635 2636 822 2706 tplaustruis
841 2636 942 2707 H11‘1
962 2635 1121 2692 audientius

107 2708 143 2762 H
148 2707 190 2761 1Ρ
205 2706 347 2762 ardentius
366 2708 405 2776 ᾶΙ
427 2712 443 2760 8
462 2708 558 2760 hostes
575 2708 594 2761 h
609 2708 614 2777 Ι
631 2723 731 2763 consur
750 2709 862 2774 gentem
876 2709 934 2774 (sed
952 2725 999 2761 sur
1016 2709 1048 2762 a’u
1066 2723 1122 2762 ras.

106 2780 136 2846 b)
156 2778 208 2847 ΗΙ
224 2778 253 2831 hi
267 2777 302 2830 H
316 2777 357 2831 hii
371 2778 397 2832 G
414 2777 496 2845 iiPl
513 2783 547 2832 10
561 2777 713 2832 Eumenaes
728 2778 780 2849 ΗΙ
797 2777 950 2833 Cardianus
966 2777 1123 2834 Lambinus

107 2849 253 2912 candianus
268 2848 334 2903 GH
338 2848 367 2901 P
380 2849 384 2916 Ι
400 2849 536 2904 exciditne
554 2866 626 2903 nnus
643 2855 705 2918 post
720 2848 895 2904 Cardianus?
913 2850 947 2915 es.
966 2848 1126 2972 11811111]

108 2925 141 2974 11
157 2918 300 2987 quoddam
316 2917 343 2973 G
360 2919 502 2988 quondam
520 2920 559 2988 dl
582 2919 675 2974 clusus
690 2919 773 2991 GH!
794 2920 926 2988 quoniam
943 2920 1009 2975 GH
1024 2927 1080 2988 qua

107 2991 183 3058 quod
197 2991 216 3044 d
232 2991 237 3059 Ι
259 2996 291 3043 12
307 2989 441 3045 cottidiae
456 2990 491 3043 H
502 2990 507 3059 Ι
522 2990 563 3045 ita
579 2992 657 3046 coad
673 2994 677 3061 Ι
698 2990 921 3059 suspendebatur
936 2994 999 3057 (cm.
1014 2994 1058 3058 ut)
1071 2991 1107 3044 H
1116 2990 1120 3061 l

107 3067 142 3115 13
161 3058 249 3115 innixi
267 3059 308 3127 (xi
326 3077 359 3114 ec
377 3065 424 3128 xa)
438 3060 473 3114 H
484 3063 490 3128 Ι
512 3066 544 3114 14
563 3060 630 3115 dnm
646 3063 665 3115 d
683 3077 746 3115 eum
761 3061 827 3116 GH
831 3061 876 3128 ΡΙ
896 3061 1026 3116 naturale
1041 3060 1110 3116 GH
1119 3061 1124 3132 1

110 3137 142 3186 15
161 3147 249 3199 usque
268 3130 422 3186 Lambinus
440 3130 525 3200 nique
540 3131 616 3186 cH¹
640 3131 670 3185 ui
688 3133 792 3200 quaele
809 3132 924 3199 uimque
939 3132 968 3186 P
988 3130 1126 3200 ubiqued

107 3201 232 3271 undique
246 3202 306 3257 edd.
325 3200 423 3269 ntique
433 3201 494 3256 Ser.
514 3200 711 3270 hinnitumque
722 3201 792 3257 Oud.
808 3202 1127 3329 ccll.Plut.Eum.11(q

108 3273 230 3328 ictarent
253 3271 279 3326 G
303 3273 308 3342 Ι
339 3276 372 3326 17
397 3287 499 3354 magna
522 3288 632 3355 summa
655 3272 695 3327 eis
712 3273 741 3327 P
766 3289 885 3342 magnae
909 3289 1034 3328 summae
1057 3273 1081 3328 is

109 3343 934 3539 §brustatumPtttttttttduat
957 3344 1108 3470 sititet»

165 3500 314 3552 promissio
