2468 3832
461 119 609 177 LIBERI.
638 120 717 176 cAP.
736 126 760 175 5.
1077 119 1117 184 17

101 282 251 366 adgesta3
289 281 446 363 quosdam
479 281 600 365 aditus,
637 282 693 366 qui
725 281 766 346 ad
798 285 930 366 portum
960 282 1118 366 ferebant,

100 371 250 436 trabibus
278 371 478 436 transmissis
511 374 543 436 et
569 371 604 435 in
632 371 769 436 densum
801 370 948 435 ordinem
976 371 1119 455 structis,

101 459 230 546 ingenti
248 459 334 523 mole
352 462 480 525 tutatus
498 458 601 543 <est>.
640 458 757 543 quibus
775 459 970 543 perpetratis
990 459 1031 525 ad
1049 481 1119 544 spe·

100 549 186 613 ciem
209 547 397 612 retinendae
424 548 514 613 urbis
537 570 629 613 raros
652 569 712 632 pro
736 547 907 612 moenibus
930 549 1117 633 sagittarios

101 637 248 721 reliquit,
268 639 391 702 ceteras
411 637 522 721 copias
544 636 613 701 sine
632 637 776 701 tumultu
795 636 836 700 ad
854 657 955 701 naues
975 636 1118 702 deduxit:
1137 652 1154 702 o

101 724 314 809 nauigantem
347 747 419 790 eum
452 747 528 790 mox
560 725 726 810 sagittarii
758 747 886 810 quoque
915 747 974 810 per
1000 725 1120 790 itinera

101 818 182 880 nota
206 813 350 899 degressi
372 814 484 899 paruis
507 814 650 900 nauigiis
674 814 838 879 consecuti
862 818 946 879 sunt.

171 903 199 967 6.
228 900 263 968 O.
288 901 433 968 Duellius
457 903 571 967 consul
598 903 635 966 in
657 905 754 986 portu
778 900 995 986 Syracusano,
1023 922 1119 986 quem

102 994 225 1056 temere
243 992 435 1075 intrauerat,
454 991 582 1056 obiecta
601 990 641 1056 ad
654 991 837 1075 ingressum
856 994 972 1057 catena
990 991 1119 1056 clausus

103 1080 274 1144 uniuersos
297 1080 331 1142 in
349 1100 494 1164 puppem
512 1079 624 1144 retulit
641 1079 763 1144 milites
782 1081 878 1163 atque
897 1080 944 1144 ita
966 1080 1121 1164 resupina
1140 1095 1173 1146 10

101 1168 237 1252 nauigia
273 1187 394 1251 magna
429 1161 665 1254 remigantium
701 1168 735 1232 ui
767 1167 966 1233 concitauitz.
993 1169 1120 1233 leuatae

103 1277 219 1340 prorae
243 1276 340 1339 super
366 1258 515 1321 catenam
542 1259 779 1341 processerunt.
824 1278 886 1338 qua
908 1258 1002 1339 parto
1026 1277 1121 1341 supe-

102 1348 177 1409 rata
204 1345 399 1428 transgressi
426 1365 538 1410 rursus
567 1345 687 1410 milites
714 1367 830 1430 proras
858 1347 1060 1429 presserunt,
1086 1344 1121 1408 in

103 1454 185 1516 quas
218 1453 347 1497 uersum
376 1434 503 1518 pondus
532 1435 702 1500 decursum
730 1456 827 1519 super
855 1437 1004 1499 catenam
1033 1432 1121 1498 dedit

103 1521 252 1586 nauibus.
474 1588 477 1606 ,
1140 1537 1173 1588 15

172 1610 199 1675 7.
230 1609 397 1694 Lysander
423 1611 711 1696 Lacedaemonius,
739 1633 810 1676 cum
838 1612 873 1675 in
900 1615 996 1695 portu
1019 1610 1119 1675 Athe·

104 1697 266 1763 niensinm
285 1721 358 1764 cum
376 1702 449 1764 tota
467 1699 571 1764 classe
590 1699 807 1778 obsideretur,
830 1700 956 1764 obrutis
975 1699 1122 1764 hostium

104 1786 242 1852 nauibus
272 1788 313 1852 ab
343 1809 381 1851 ea
403 1790 511 1871 parto,
539 1809 604 1871 qua
630 1787 779 1852 faucibus
808 1786 1050 1871 angustissimis
1073 1787 1122 1851 in·

104 1874 178 1940 fluit
200 1897 304 1957 mare,
327 1875 449 1939 milites
473 1896 550 1940 suos
574 1874 660 1940 clam
682 1876 718 1942 in
739 1874 818 1939 litus
837 1874 949 1960 egredi
970 1874 1068 1939 iussit
1090 1878 1124 1939 et

104 1963 260 2028 subiectis
278 1963 362 2028 rotis
380 1983 482 2027 naues
502 1963 543 2029 ad
562 1964 747 2049 proximum
765 1966 897 2047 portum
910 1961 1123 2046 Munychiam
1141 1979 1175 2028 20

104 2051 244 2115 traiecit.

173 2139 203 2204 8.
226 2137 408 2205 Hirtuleius
430 2140 559 2226 legatus
579 2141 616 2218 Q.
637 2139 788 2226 Sertorii,
811 2163 884 2206 cum
906 2141 941 2205 in
959 2139 1122 2225 Hispania

105 2227 191 2292 inter
213 2227 294 2293 duos
317 2233 444 2294 montes
469 2230 625 2315 abruptos
648 2231 784 2316 longum
807 2233 840 2294 et
861 2233 1035 2316 angustum
1059 2230 1122 2295 iter

105 2317 271 2402 ingressus
300 2340 420 2402 paucas
444 2319 576 2384 duceret
598 2319 749 2385 cohortes
773 2319 1050 2404 comperissetque
1073 2319 1123 2382 in-

106 2408 238 2489 gentem
252 2428 384 2471 manum
397 2407 544 2473 hostium
559 2407 743 2492 aduentare,
761 2408 884 2473 fossam
901 2412 1122 2472 transuersam
1141 2422 1175 2472 25

104 2494 190 2559 inter
222 2499 351 2559 montes
384 2496 504 2579 pressit
535 2496 722 2581 uallumque
756 2497 895 2560 materia
921 2498 1123 2560 exstructum

105 2581 250 2647 incendit
273 2586 369 2666 atque
392 2585 440 2647 ita
462 2584 639 2649 intercluso
662 2585 758 2648 hoste
782 2585 895 2648 euasit.

173 2670 204 2734 9.
234 2668 269 2735 0.
293 2667 414 2753 Caesar
435 2671 523 2735 bello
548 2671 652 2754 ciuili,
675 2693 749 2736 cunr
772 2671 926 2736 aduersus
949 2670 1123 2736 Afranium

105 2759 217 2842 copias
245 2757 396 2824 educeret
424 2762 457 2824 et
484 2758 661 2844 recipiendi
689 2782 724 2824 se
752 2761 821 2824 sine
851 2760 995 2845 periculo
1022 2759 1124 2824 facul-

106 2852 209 2911 tatem
228 2869 293 2914 non
313 2848 462 2932 haberet,
482 2849 567 2914 sieut
586 2848 790 2928 constiterat,
809 2851 916 2933 prima
935 2852 968 2914 ct
982 2848 1124 2914 secunda
1143 2864 1177 2913 30

156 2992 194 3040 '3
215 2991 258 3041 est
277 2989 341 3043 add.
361 2989 406 3056 dl
431 2995 544 3044 4roras
562 2988 608 3042 Ηι
633 2992 638 3058 Ι
664 2988 819 3058 idigressi
838 2990 912 3057 HP,
935 2989 1042 3044 correxi
1064 2988 1123 3043 coll.

107 3056 182 3113 Caes.
203 3058 227 3112 b.
247 3074 269 3112 c.
288 3065 316 3126 1,
329 3063 412 3127 28,3
433 3063 437 3125 Ι
462 3059 585 3130 nauigiis
604 3076 638 3115 ec
655 3076 745 3114 nanus
764 3077 834 3117 corr.
853 3061 888 3114 H
904 3065 908 3128 Ι
934 3065 950 3113 8
970 3059 1124 3129 Segestano

108 3127 232 3183 Oudon
249 3129 345 3200 Polyb.
366 3135 392 3197 1,
405 3134 459 3196 24;
482 3131 517 3198 cf.
538 3132 642 3186 Zoaar.
658 3137 686 3199 8,
701 3135 736 3185 11
757 3133 762 3200 Ι
787 3130 991 3204 9clususH1
1017 3135 1051 3183 10
1069 3130 1125 3184 rat·

105 3198 173 3278 tulit
193 3198 222 3252 P
249 3202 253 3268 Ι
285 3206 318 3254 12
337 3201 516 3270 proiecerunt
534 3202 566 3255 Η
594 3205 598 3271 Ι
629 3208 662 3257 13
680 3203 788 3274 rursus]
808 3204 928 3258 cursud
952 3206 957 3270 Ι
986 3207 1124 3257 romono

106 3270 193 3324 etiam
204 3271 274 3339 HP,
293 3289 341 3326 em.
352 3272 428 3327 Mod.
446 3275 450 3340 Ι
466 3278 500 3327 22
517 3272 548 3338 Q.
568 3274 600 3327 iu
617 3290 672 3328 ras.
687 3275 774 3329 trium
786 3275 843 3342 fere
857 3275 909 3330 titt.
927 3275 994 3341 (que
1004 3271 1085 3342 11³2)
1097 3274 1124 3341 b,

107 3355 157 3396 cru.
178 3341 206 3395 P
230 3345 234 3412 Ι
260 3347 295 3395 24
317 3358 424 3412 paucos
437 3343 473 3397 H
493 3347 497 3412 Ι
523 3349 557 3398 26
582 3344 720 3413 depressit
740 3343 856 3401 Gestatus
887 3343 1026 3415 percussit
1045 3343 1123 3399 Stew.

107 3412 257 3480 praeduxit
280 3412 455 3470 chhematlr
470 3416 475 3484 Ι
495 3415 631 3470 materiae
645 3415 689 3469 Η1
708 3416 825 3472 materia
843 3417 876 3485 b;
900 3418 935 3485 cf.
952 3419 1122 3486 p.16,1.6.

107 3485 156 3549 22,
172 3487 339 3552 17..24,14.
362 3487 367 3553 Ι
393 3492 427 3541 30
446 3487 471 3540 si
489 3485 675 3541 constituerat
693 3487 727 3541 H
729 3487 737 3516 ¹

160 3581 301 3623 Fsorrrrus
316 3584 349 3625 sd.
366 3585 539 3629 Gundermann.
973 3573 1000 3616 ἢ*
