2468 3832
149 145 192 210 26
352 143 429 199 IULI
447 142 624 199 FRONTINI
642 142 968 199 STRATEGEMATON

148 310 271 372 terunt:
298 307 428 372 relictos
451 305 613 372 Samnites
638 305 812 390 Gallosque
834 307 954 372 Fabius
979 310 1012 371 et
1036 309 1169 396 collega

149 395 268 461 Decius
293 395 440 480 adgressi
462 396 619 460 uicerunt.

215 485 245 549 4.
273 483 325 550 Μ’.
350 482 467 549 Curius
491 483 647 548 aduersus
671 481 823 567 Sabinos,
847 485 902 568 qui
925 484 1050 569 ingenti
1074 506 1169 551 exer-

148 574 215 638 citu
247 574 430 657 conscripto
462 572 583 637 relictis
615 571 733 637 finibus
767 572 833 637 suis
865 575 996 638 nostros
1030 594 1168 658 occupa·

113 665 277 746 ruerant,
307 661 443 727 occultis
472 661 644 726 itineribus
671 683 804 726 manum
832 661 933 746 misit,
962 683 1045 746 quae
1073 662 1168 729 deso·

147 751 233 816 latos
263 771 359 835 agros
388 771 499 815 eorum
523 750 675 835 uicosque
703 771 762 834 per
786 749 914 814 diuersa
937 751 1166 818 incenderunt:

148 839 261 905 Sabini
276 839 316 903 ad
332 838 503 903 arcendam
517 839 728 916 domesticam
742 838 935 903 uastitatem
945 845 1166 926 recesserunt3

147 925 246 993 Curio
275 927 413 1011 contigit
440 931 474 992 et
501 949 622 992 uacuos
655 927 811 993 infestare
843 927 987 993 hostium
1019 927 1101 993 fines
1131 933 1167 995 et

147 1018 322 1081 exereitum
354 1017 423 1080 sine
452 1015 578 1101 proelio
607 1019 752 1082 auertere
780 1038 992 1100 sparsumque
1021 1017 1165 1084 caedere.

96 1121 128 1170 ιο
214 1104 243 1168 5.
276 1105 312 1168 Τ.
335 1103 464 1184 Didius,
493 1105 656 1189 paucitate
680 1127 812 1170 suorum
836 1105 998 1191 diffidens,
1025 1127 1097 1170 cum
1128 1109 1164 1174 in

147 1192 322 1258 aduentum
344 1214 454 1258 earum
477 1194 651 1277 legionum,
674 1216 754 1278 quas
773 1193 993 1279 exspectabat,
1015 1194 1166 1263 traheret
1192 1257 1197 1264 .

87 1307 89 1314 ⁸
145 1281 267 1346 bellum
292 1287 325 1347 et
349 1303 515 1348 occurrere
538 1283 584 1346 eis
607 1281 736 1346 hostem
760 1283 984 1366 comperisset,
1010 1284 1164 1361 contione

146 1370 304 1435 aduocata
333 1371 439 1454 aptari
467 1371 565 1434 iussit
593 1371 714 1434 milites
744 1370 785 1435 ad
812 1391 956 1456 pugnam
984 1393 1021 1436 ac
1050 1371 1088 1437 de
1113 1371 1166 1438 in·

145 1458 271 1523 dustria
307 1459 532 1544 neglegentius
569 1458 722 1523 custodiri
763 1461 919 1543 captiuos.
967 1482 1006 1524 ex
1043 1461 1164 1546 quibus

93 1563 126 1613 15
144 1548 253 1631 pauci,
290 1547 344 1631 qui
381 1546 609 1632 profugerant,
645 1547 880 1612 nuntiauerunt
915 1549 982 1613 suis
1015 1568 1163 1633 pugnam

41 1649 43 1652 ’
144 1636 316 1700 inminere:
349 1639 382 1699 et
399 1636 461 1719 illi,
483 1657 524 1699 ue
543 1635 625 1719 su<b
642 1635 904 1720 ex>spectatione
926 1637 1044 1722 proelii
1067 1637 1164 1704 didu-

145 1728 255 1789 cerent
281 1724 377 1807 uiris,
405 1724 585 1789 omiserunt
608 1745 774 1790 occurrere
797 1725 871 1810 eis‚-
889 1726 1004 1809 quibus
1028 1726 1164 1793 insidia·

145 1813 277 1879 bantur:
301 1813 446 1898 legiones
470 1813 633 1878 tutissime
657 1814 746 1878 nullo
769 1814 947 1898 excipiente
967 1814 1007 1879 ad
1027 1815 1164 1882 Didium

143 1906 370 1986 peruenerunt.

90 2007 123 2056 20
211 1993 240 2056 6.
265 1990 356 2056 Bello
380 1990 502 2056 Punico
526 1990 684 2074 quaedam
709 1991 871 2077 ciuitates,
894 2013 979 2076 quae
1002 1991 1164 2060 aRoma·

142 2083 194 2146 nis
228 2080 363 2144 deficere
396 2078 436 2143 ad
468 2077 594 2144 Poenos
626 2078 886 2165 destinauerant,
923 2102 996 2145 cum
1029 2081 1162 2148 obsides

143 2168 320 2249 dedissent,
344 2188 424 2250 quos
448 2167 591 2251 recipere
615 2172 789 2253 antequam
812 2169 1029 2234 desciscerent
1050 2170 1163 2236 stude·

142 2259 237 2340 bant,
267 2256 502 2320 simulauerunt
530 2256 721 2322 seditionem
749 2257 835 2322 inter
861 2257 1017 2323 finitimos
1042 2261 1163 2346 ortam,

143 2367 240 2430 quam
268 2344 490 2408 Romanorum
516 2345 618 2429 legati
646 2345 796 2411 dirimere
824 2345 993 2431 deberent,
1025 2345 1163 2414 missos·

90 2449 123 2498 as
142 2457 204 2521 que
228 2455 284 2498 eos
307 2433 398 2498 uelut
420 2435 584 2498 contraria
610 2433 750 2520 pignora
772 2434 976 2501 retinuerunt
998 2456 1058 2500 nec
1081 2440 1183 2502 ante<

89 2581 91 2586 .
140 2522 364 2606 reddiderunt,
387 2544 484 2608 quam
508 2523 572 2607 ipsi
594 2524 813 2608 reciperarent
836 2545 922 2588 suos.

209 2613 237 2677 7.
266 2610 381 2696 Legati
400 2611 636 2698 Romanorum,
656 2634 729 2677 eum
748 2612 886 2696 mis<si>
906 2616 1014 2677 essent
1033 2611 1073 2676 ad
1089 2611 1162 2679 An-

141 2701 287 2766 tiochum
320 2720 444 2785 regem,
481 2701 536 2785 qui
569 2723 678 2767 seeum
708 2701 928 2766 Hannibalem
960 2701 1057 2766 uictis
1089 2702 1161 2768 iam

212 2881 228 2930 3
247 2873 284 2928 M.
294 2874 366 2941 HP,
385 2874 505 2931 cudae
522 2877 559 2944 16
578 2875 705 2930 incendit
721 2874 761 2928 P:
780 2892 818 2929 ou
836 2875 1018 2930 incenderent
1034 2874 1070 2943 il
1091 2879 1108 2930 8
1128 2879 1161 2932 et

140 2962 190 3002 om.
201 2945 236 2999 H
249 2948 253 3015 Ι
276 2950 309 2999 10
327 2944 466 3013 paucitati
479 2946 518 3014 d}
539 2946 751 3000 inadiuuentum
766 2947 801 3000 H
814 2950 818 3015 Ι
841 2952 873 3001 15
886 2945 1073 3015 profugerunt
1086 2946 1160 3016 HP,

140 3034 209 3073 corr.
226 3017 296 3072 Oud.
318 3018 322 3084 Ι
349 3022 382 3070 16
401 3019 431 3071 et
448 3032 498 3071 nos
517 3019 548 3070 at
565 3016 631 3070 ΗΡ
649 3019 654 3087 Ι
679 3017 731 3071 sub
750 3017 958 3086 exspectatione
976 3018 1078 3072 Hartcl
1095 3019 1159 3076 coll.

142 3089 319 3155 Colum.1,1
348 3086 557 3156 suspectatione
576 3086 612 3141 H
615 3086 643 3140 P
669 3087 848 3157 suspectione
867 3090 886 3143 d
918 3088 1076 3157 suspicione
1095 3090 1158 3146 edd.

140 3159 350 3229 exspectatione
359 3157 429 3213 Oud.
446 3160 451 3227 Ι
468 3157 595 3226 proeliid
612 3157 728 3227 proeliis
738 3158 820 3228 HPl
837 3157 921 3212 atilli
930 3158 1001 3213 nihil
1012 3160 1159 3229 suspicati,

138 3247 173 3285 ne
187 3230 302 3300 proeliis
317 3233 399 3284 autea
412 3234 607 3298 temptaturum
624 3236 628 3294 Ι
644 3230 814 3285 deducerent
827 3230 898 3297 HP,
917 3232 995 3286 eud
1010 3235 1015 3300 Ι
1032 3235 1065 3284 17
1080 3231 1158 3288 uires
1176 3260 1181 3268 ·

139 3300 189 3369 ΡΙ
214 3300 267 3371 eis]
287 3302 316 3354 et
329 3300 364 3354 Η
386 3300 390 3368 Ι
415 3299 601 3355 insidiabatur
615 3299 659 3355 ΗἸ
684 3301 688 3369 Ι
714 3305 748 3356 20
767 3302 918 3370 eacuplum
935 3301 1160 3371 alienam'patat

144 3371 334 3426 Wucbsmutb:
357 3371 392 3438 cf.
409 3371 498 3439 praef.
517 3369 573 3442 §9
601 3373 607 3441 Ι
636 3377 668 3425 21
688 3371 901 3426 destinauerunt
919 3371 955 3426 H
958 3371 998 3438 P,
1016 3374 1125 3429 corr.d
1151 3375 1155 3445 l

138 3441 269 3497 obsident
287 3440 333 3496 Ηι
353 3443 357 3509 Ι
382 3447 416 3496 28
436 3441 620 3498 simulauerat
637 3442 682 3496 H¹
706 3442 908 3496 simulauerant
925 3443 964 3512 ῙιΙ
986 3448 1021 3497 26
1040 3458 1158 3514 recupe-

138 3516 233 3568 rarent
251 3512 279 3566 P
300 3514 305 3581 Ι
330 3518 364 3566 27
384 3512 461 3567 missi
479 3516 573 3568 essent
591 3515 611 3568 d
636 3513 726 3568 issent
743 3514 779 3567 H
802 3513 946 3568 misissent
962 3513 991 3567 P
