2468 3832
418 130 529 185 LIBER
546 131 594 188 ΙΙΙ,
623 131 701 188 OAP.
722 137 800 188 3-5.
1069 131 1112 195 95

99 297 256 362 danorum
275 295 438 360 frumento
459 293 632 378 adgressus
656 295 770 360 urbem
794 294 957 360 alimentis
981 294 1113 360 destitu-

98 389 168 453 tam
192 384 367 470 superauit.

167 475 211 555 [4.
243 472 335 537 Idem
358 479 390 537 et
413 471 568 536 aduersus
590 469 782 537 Himeraeos
805 471 921 537 fecisse
945 471 1083 555 dicitur]

166 562 196 628 5.
228 560 413 626 Alexander
440 563 686 646 oppugnaturus
709 560 905 626 Leucadiam
929 561 1114 626 commeati-

98 652 159 716 bus
175 650 392 716 abundantem
410 648 500 734 prius
524 649 669 735 castella,
688 672 771 734 quae
789 650 824 714 in
846 649 987 716 confinio
1012 653 1114 732 erant,
1133 671 1148 720 s

100 740 186 824 cepit
218 760 393 824 omnesque
426 759 465 802 ex
500 738 553 804 his
585 736 780 804 Leucadiam
813 760 929 822 passus
963 742 1013 803 est
1044 758 1114 802 con·

98 829 231 914 fugere,
266 832 304 894 ut
340 827 494 894 alimenta
525 828 610 892 inter
640 829 762 894 multos
800 828 935 894 celerius
969 828 1115 893 absume-

98 921 220 984 rentur.

166 1007 195 1071 6.
227 1005 378 1070 Phalaris
402 1003 648 1090 Agrigentinus,
671 1026 744 1070 cum
768 1005 925 1090 quaedam
949 1004 1022 1070 loca
1045 1027 1115 1069 mu·

99 1095 223 1160 nitione
250 1098 323 1171 tuta
351 1094 386 1157 in
414 1091 527 1158 Sicilia
554 1098 773 1179 oppugnaret,
802 1094 955 1160 simulato
984 1093 1114 1158 foedere
1135 1115 1169 1164 10

99 1182 276 1266 frumenta,
304 1202 386 1265 quac
413 1180 543 1247 residua
569 1182 689 1247 habere
713 1203 748 1246 se
772 1182 917 1265 dicebat,
951 1182 1036 1266 apud
1060 1204 1115 1246 eos

100 1271 263 1355 deposuit:
288 1269 402 1335 deinde
426 1268 502 1335 data
525 1292 638 1355 opera,
661 1274 698 1337 ut
721 1292 866 1337 camerae
890 1274 1059 1355 tectorum,
1081 1271 1116 1335 in

100 1360 218 1446 quibus
241 1358 274 1424 id
303 1358 543 1444 conferebatur,
572 1359 728 1426 rescissae
755 1361 903 1444 pluuiam
926 1361 1116 1444 reciperent,

101 1471 155 1515 eos
184 1448 304 1514 fiducia
331 1448 454 1514 conditi
477 1452 676 1516 commeatus
704 1450 838 1534 proprio
861 1450 971 1515 tritico
996 1450 1115 1514 abusos

100 1537 195 1604 initio
210 1538 344 1603 aestatis
360 1537 535 1622 adgressus
549 1538 661 1623 inopia
680 1538 839 1623 compulit
854 1538 894 1603 ad
909 1538 1114 1603 deditionem.
1135 1556 1168 1606 15

144 1783 179 1839 V.
208 1779 501 1850 QUEMADMODUM
518 1779 825 1849 PERSUADEATUR,
845 1779 1073 1837 OBSIDIONEM

463 1867 751 1924 PERMANSURAM.

170 2015 198 2078 1.
232 2012 406 2080 Clearchus
438 2013 725 2099 Lacedaemonius,
757 2013 961 2098 exploratum
992 2013 1117 2081 habens

101 2103 245 2168 Thracas
261 2103 369 2168 omnia
383 2102 485 2168 uictui
499 2102 681 2168 necessaria
694 2102 729 2167 in
747 2106 875 2169 montes
894 2106 1117 2188 comportasse

99 2213 227 2277 unaque
247 2214 303 2276 spe
322 2192 508 2275 sustentari,
530 2191 616 2277 quod
635 2192 801 2258 crederent
820 2214 893 2258 eum
917 2197 1116 2260 commeatus
1136 2211 1170 2262 20

100 2281 213 2366 inopia
235 2303 445 2366 recessurum,
467 2303 525 2366 per
546 2280 580 2345 id
602 2284 742 2366 tempus,
765 2303 828 2366 quo
852 2282 981 2368 legatos
1005 2303 1117 2348 eorum

99 2374 255 2440 uenturos
275 2369 478 2454 opinabatur,
502 2369 643 2455 aliquem
663 2392 702 2436 ex
721 2370 861 2455 captiuis
884 2371 919 2435 in
942 2373 1117 2455 conspectu

99 2459 196 2524 iussit
223 2458 326 2524 occidi
354 2462 388 2523 et
414 2458 621 2523 membratim
649 2463 819 2545 tamquam
849 2458 996 2523 alimenti
1019 2479 1118 2522 eausa

100 2548 135 2611 in
158 2546 368 2611 contubernia
392 2545 559 2611 distribui:
587 2545 731 2612 Thraces
759 2547 842 2611 nihil
865 2568 933 2610 non
955 2545 1117 2610 facturum

99 2634 361 2718 perseuerantiae
386 2654 483 2699 causa
506 2655 579 2698 eum
603 2634 784 2719 credentes,
807 2634 862 2719 qui
884 2638 953 2699 tam
977 2635 1118 2700 detesta·
1136 2650 1171 2700 aa

100 2721 184 2787 biles
215 2723 325 2806 epulas
358 2722 567 2788 sustinuisset
597 2723 751 2808 experiri,
778 2723 813 2788 in
840 2722 1035 2788 deditionem
1066 2744 1118 2789 ue

99 2814 227 2876 nerunt.

172 3010 188 3060 3
206 3003 357 3074 eccmplcm
375 3002 509 3059 alienum:
527 3005 562 3072 cf.
580 3005 669 3074 praef.
688 3003 709 3075 ὅ
727 3009 745 3060 9
775 3005 780 3072 Ι
809 3002 948 3059 inmereos
966 3003 1002 3058 H
1020 3001 1024 3074 Ι
1048 3009 1064 3058 6
1083 3002 1119 3058 iis

99 3076 145 3146 Pl
162 3082 177 3131 '1
199 3075 412 3130 adsumerentur
429 3074 464 3129 H
486 3074 491 3144 Ι
520 3080 536 3129 9
556 3073 730 3146 agrigentina
749 3074 794 3129 Η1
814 3077 819 3144 Ι
850 3081 882 3129 11
903 3074 1047 3130 sedicebat
1064 3076 1118 3140 (se-

100 3145 451 3217 diceinrce.b)Hl12
470 3161 598 3202 camarae
619 3146 671 3216 ΡΙ
701 3151 735 3201 14
753 3162 801 3202 eos
819 3162 869 3202 uos
887 3145 917 3200 id
935 3145 970 3200 Η
983 3148 1017 3200 ut
1035 3146 1064 3200 P
1084 3161 1119 3200 ex

104 3217 188 3274 Oudr
206 3218 362 3274 delentedd.
379 3219 384 3286 Ι
400 3219 504 3271 abusus
514 3217 549 3272 H
552 3217 589 3286 P,
607 3218 706 3274 carad
722 3218 725 3288 l
749 3222 781 3273 15
797 3217 961 3274 contulitH
965 3217 1000 3282 P,
1015 3232 1084 3272 corr.
1099 3217 1119 3273 d

101 3360 139 3414 a
157 3287 518 3444 t⁶Jtt¹ff²l⁰ttdltl
533 3287 1117 3443 &adulilddf’stldddidlll

99 3429 177 3554 puori
189 3431 267 3556 Elii
301 3437 335 3487 23
355 3431 491 3488 alimenta
509 3431 554 3485 H¹
579 3431 583 3504 Ι
613 3437 648 3486 24
667 3430 836 3488 distnburd
859 3377 1003 3486 oriculus
1025 3430 1061 3484 Η
1064 3430 1093 3484 Ρ
1111 3431 1115 3502 Ι

114 3517 193 3556 taces
