2468 3832
436 137 548 192 Licus
565 137 599 195 Il.
627 136 705 194 CAP.
723 143 802 195 tufi.
1091 138 1132 203 73

182 302 213 367 4.
237 299 413 384 Hannibal,
432 323 505 365 cum
524 300 566 364 ad
580 298 839 365 Trasumennum
856 300 974 366 inclusi
993 300 1134 368 Romani

118 391 274 455 acerrime
288 393 482 474 pugnarent,
500 387 639 453 diductis
655 383 822 455 ordinibus
836 388 915 454 fecit
930 391 976 455 eis
991 391 1133 457 abeundi

116 481 313 563 potestatem
336 481 512 562 euntesque
534 478 603 542 sinc
622 499 754 543 suorum
779 477 939 561 sanguine
962 482 1087 545 strauit.

183 565 213 632 5.
245 567 433 651 Antigonus
455 588 512 631 rex
534 566 748 632 Macedonum
771 567 914 647 Aetolis,
938 568 1052 651 quiin
1075 569 1131 634 ob·

117 654 274 720 sidionem
304 656 345 720 ab
376 677 415 721 ao
448 655 607 740 compulsi
638 655 725 722 fame
757 656 979 741 urguebantur
1012 660 1170 724 statuas

117 749 253 828 rantque
276 744 446 828 eruptione
472 745 561 810 facta
584 744 755 828 commori,
786 745 874 810 uiam
902 745 1000 828 fugae
1028 745 1132 808 dedit:

113 836 213 917 'atquc
249 834 296 898 ita
326 832 467 899 infracto
496 833 622 916 impetu
650 854 760 898 eorum
796 833 962 899 insecutus
999 854 1132 899 auersos

116 921 243 986 cecidit.

184 1011 213 1075 6.
250 1011 426 1096 Agesilaus
459 1008 732 1074 Lacedaemonius
753 1009 921 1074 ,aduersus
950 1009 1133 1096 Thebanos,

116 1120 190 1163 cum
223 1100 290 1163 acie
323 1099 513 1182 confligeret
543 1097 819 1182 intellexissetque
847 1098 958 1163 hostes
986 1100 1132 1165 locorum
1153 1119 1187 1167 ιο

119 1185 309 1252 condicione
332 1186 459 1251 clausos
483 1187 525 1251 ob
545 1186 804 1270 desperationem
827 1186 945 1251 fortius
968 1188 1133 1273 dimicare,

117 1275 237 1340 laxatis
260 1296 393 1340 suorum
417 1274 584 1340 ordinibus
608 1279 785 1359 apertaque
807 1274 971 1340 Thebanis
996 1276 1036 1341 ad
1061 1299 1133 1341 eua-

116 1363 256 1428 dendum
287 1364 356 1447 uia,
385 1386 499 1430 rursus
529 1364 564 1429 in
596 1363 745 1429 abeuntis
777 1365 941 1429 contraxit
969 1365 1071 1429 aciem
1101 1369 1134 1430 et

117 1453 186 1518 sine
209 1454 337 1518 iactura
359 1475 490 1518 suorum
514 1453 630 1518 cecidit
653 1474 793 1519 auersos.

185 1542 212 1607 7.
236 1540 292 1607 On.
306 1541 448 1607 Manlius
468 1543 594 1626 consul,
616 1563 690 1607 cum
714 1564 753 1606 ex
771 1542 840 1606 acie
863 1563 1012 1607 reuersus
1036 1546 1187 1626 captare

117 1630 157 1694 ab
186 1630 333 1696 Etruscis
362 1630 587 1696 Romanorum
615 1634 723 1695 castra
752 1631 947 1714 inuenisset,
981 1633 1132 1697 omnibus

116 1721 219 1803 portis
253 1719 396 1785 statione
429 1718 636 1783 circumdatis
671 1719 814 1783 inclusos
851 1718 962 1782 hostes
994 1721 1028 1783 in
1061 1742 1133 1784 eam

115 1809 241 1873 rabiem
273 1807 438 1888 afferauit,
469 1811 508 1869 ut
538 1806 610 1888 ipse
643 1805 678 1869 in
709 1805 835 1889 proelio
867 1806 1014 1870 caderet:
1047 1810 1132 1890 quod

116 1896 196 1979 <ut>
216 1895 514 1960 animaduerterunt
531 1894 634 1978 legati
652 1893 731 1976 eius,
749 1894 791 1958 ab
808 1916 874 1958 una
893 1897 989 1976 porta
1007 1899 1134 1960 remota

117 1985 259 2049 statione
284 1985 406 2048 exitum
423 1981 572 2047 Etruscis
591 1982 749 2047 dederunt
767 1987 801 2047 et
818 1982 938 2046 effusos
962 1985 1132 2068 persecuti,
1151 2002 1187 2051 20

117 2074 305 2136 occurrente
328 2072 430 2137 altero
453 2071 585 2137 consule
609 2069 726 2155 Fabio,
750 2072 945 2137 ceciderunt.

185 2160 214 2225 8.
238 2159 474 2226 Themistocles
490 2161 580 2226 uicto
596 2159 702 2226 Xerxe
724 2162 872 2226 uolentes
897 2182 972 2227 suos
995 2165 1131 2246 pontem

116 2270 265 2332 rumpere
298 2249 480 2333 prohibuit,
512 2271 587 2314 cum
618 2249 782 2315 docuisset
814 2251 922 2334 aptius
954 2272 1025 2316 esse
1058 2273 1132 2317 eum

116 2338 235 2422 expelli
256 2337 404 2424 Europa,
431 2360 529 2424 quam
558 2340 632 2425 cogi
660 2360 699 2403 ex
725 2339 955 2423 desperatione
977 2361 1132 2425 pugnare.

115 2426 201 2491 idem
231 2427 322 2492 misit
343 2428 384 2492 ad
408 2450 499 2511 eum,
531 2428 587 2511 qui
618 2427 792 2512 indicaret,
824 2429 858 2491 in
891 2432 954 2512 qu'o
987 2429 1131 2511 periculo
1152 2445 1187 2495 25

116 2519 216 2599 esset,
238 2517 303 2580 nisi
326 2515 439 2600 fugam
463 2518 654 2580 maturaret.

183 2605 214 2668 9.
245 2602 389 2687 Pyrrhus
411 2603 622 2687 Epirotarum
645 2624 714 2686 rex,
736 2624 810 2667 cum
834 2603 996 2687 quandam
1020 2604 1133 2668 ciuita-

114 2696 182 2756 tem
214 2692 354 2775 cepisset
381 2691 563 2776 clausisque
596 2690 700 2774 portis
729 2713 767 2755 ex
795 2692 911 2757 ultima
938 2693 1132 2759 necessitate

130 2937 136 2948 ι
188 2874 202 2921 1
223 2869 431 2950 trasymennum
455 2867 487 2920 Η
512 2865 716 2920 trasimennum
734 2865 784 2945 El
805 2865 910 2948 inclusi
927 2867 1055 2936 germani
1074 2869 1133 2935 (sed

115 2936 630 3079 tsgtlslsttdt'cddsc
646 2937 889 3071 ltttstmfft
906 2941 1132 3074 tttdllt

114 3080 227 3151 tigonus
245 3080 286 3146 H,
303 3081 350 3135 sed
367 3079 435 3161 igon
453 3076 558 3135 toras
572 3079 611 3147 a!
634 3078 755 3151 Aetolis]
776 3081 805 3134 et
823 3079 900 3133 horis
919 3080 964 3148 ΡΙ
986 3086 1003 3135 ὁ
1027 3082 1132 3161 statue·

116 3155 232 3220 rentque
243 3152 294 3217 ΗΙ
312 3156 344 3204 11
364 3151 533 3205 drmrcarent
550 3150 586 3204 Η
600 3156 665 3205 cota
686 3167 741 3206 ras.
758 3153 763 3219 1
781 3151 940 3205 relaxatus
959 3151 1003 3204 H¹
1019 3152 1024 3222 Ι
1042 3158 1074 3205 13
1088 3169 1133 3204 rn-

14 3288 16 3292 4
116 3220 281 3277 abeuntibus
304 3222 339 3276 H
352 3225 356 3292 Ι
374 3227 407 3276 15
427 3220 560 3276 manilius
578 3220 647 3290 ΗΡ,
667 3237 736 3276 corr.
755 3223 814 3277 edd.
833 3225 837 3289 Ι
855 3227 887 3276 16
905 3237 1083 3276 romanorum
1101 3222 1136 3275 H

117 3298 180 3347 aute
201 3309 256 3348 rua.
275 3309 392 3348 romana
409 3293 473 3348 tP:
494 3294 585 3346 aucto
602 3310 641 3346 aa
659 3293 780 3347 alueum
797 3294 846 3360 ait,
870 3294 905 3359 cf.
921 3294 1012 3362 praef.
1031 3293 1052 3364 ἕ
1070 3297 1105 3348 13

118 3368 150 3416 19
169 3365 202 3418 ut
220 3365 284 3419 add.
303 3365 363 3419 edd.
380 3366 384 3433 Ι
401 3364 656 3418 animaduertentes
675 3365 694 3418 d
722 3367 727 3430 Ι
756 3364 841 3432 porta
860 3363 929 3418 Oua.
948 3366 1028 3433 parte
1049 3364 1113 3419 HP

116 3434 333 3502 remotiH123
352 3435 460 3490 cautius
481 3435 551 3489 Oud.
575 3433 578 3504 Ι
599 3449 662 3488 eum
682 3450 746 3488 cum
764 3434 799 3488 H
824 3438 828 3503 1
857 3439 892 3488 24
911 3451 944 3490 cx
962 3434 1108 3505 Europad

116 3510 150 3559 26
169 3507 338 3561 maturasset
351 3507 396 3576 ΡΙ
417 3512 451 3560 27
470 3507 572 3574 Pyrrus
586 3504 653 3559 ΗΡ
