2468 3832
127 141 190 206 106
329 140 405 197 IULI
422 139 600 196 FRONTINI
618 140 942 197 STRATEGEMATON

193 303 223 368 5.
245 303 489 388 Epaminondas
508 303 741 388 Mantinia(e>,
765 325 837 368 cum
865 303 1141 371 Lacedaemonios

125 394 159 456 in
178 392 360 457 subsidium
375 393 462 458 hosti
473 393 602 457 uenisse
626 394 907 476 animaduerteret,
930 397 1020 458 ratus
1044 416 1143 479 posse

124 481 398 546 Lacedaemonem
422 481 587 566 occupari,
615 482 750 546 siclam
773 482 830 546 illo
854 481 1020 566 profectus
1044 487 1142 567 esset,

125 576 219 634 noete
244 571 374 635 crebros
397 572 488 656 ignes
516 570 587 634 fieri
610 570 724 655 iussit,
755 575 793 635 ut
823 571 929 654 specie
952 572 1143 636 remanendi

90 674 106 724 5
126 661 303 725 occultaret
320 659 565 745 protectionem.
611 659 667 723 sed
682 682 702 723 a
715 659 886 744 transfuga
903 660 1061 744 proditus,
1085 661 1141 726 ad-

127 753 237 813 secuto
262 749 403 813 exercitu
421 747 761 831 Lacedaemoniorum,
785 749 899 812 itinere
924 749 1052 832 quidem
1077 771 1142 833 quo

127 834 279 921 Spartam
307 837 440 920 petebat
467 836 606 921 destitit,
628 835 716 901 idem
738 841 849 902 tamen
873 838 1043 902 consilium
1066 859 1143 903 con-

125 927 225 990 uertit
248 926 288 990 ad
303 926 552 990 Mantinienses:
577 946 678 1010 aeque
703 925 788 989 enim
811 926 942 1011 ignibus
965 926 1062 991 factis
1082 927 1143 990 La·

125 1014 359 1099 cedaemonios,
378 1014 471 1100 quasi
484 1017 640 1098 maneret,
657 1013 832 1079 frustratus
850 1037 908 1099 per
926 1015 1143 1100 quadraginta

74 1117 106 1167 10
124 1103 216 1166 milia
237 1125 394 1187 passuum
412 1104 548 1169 reuertit
566 1101 759 1168 Mantiniam
784 1124 919 1188 eamque
944 1103 1064 1169 auxilio
1088 1103 1142 1168 de-

125 1192 275 1256 stitutam
299 1193 479 1277 occupauit.
597 1273 599 1276 v

124 1435 173 1490 EX
191 1435 402 1491 CONTRARIO
424 1435 548 1509 [VERO]
567 1435 675 1492 CIRCA
698 1435 874 1492 TUTELAM
890 1435 1140 1494 OBSESSORUM.

296 1541 357 1596 XII.
385 1541 433 1596 DE
452 1540 668 1598 EXCITANDA
687 1541 964 1599 CURASUORUM.

171 1707 198 1768 1.
227 1703 412 1770 Alcibiades
431 1704 538 1790 <dux>
558 1704 815 1789 Atheniensium,
839 1706 975 1770 ciuitate·
992 1729 1050 1772 sua
1074 1705 1139 1791 <a>

73 1808 106 1859 15
125 1792 389 1859 Lacedaemoniis
414 1796 560 1880 obsessa,
586 1795 709 1859 ueritus
738 1796 978 1880 neglegentiam
1001 1796 1140 1880 uigilum

125 1882 329 1948 denuntiauit
351 1883 403 1948 his
435 1885 489 1969 qui
512 1884 547 1949 in
570 1883 767 1949 stationibus
791 1888 898 1966 erant,
926 1885 1141 1950 obseruarent

124 1972 241 2051 lumen,
265 1973 351 2057 quod
365 1977 460 2038 nocte
474 1978 660 2038 ostentatus
680 1978 766 2038 esset
785 1994 823 2036 ex
844 1995 925 2056 arce,
948 1978 981 2037 et
1004 1972 1044 2037 ad
1069 1995 1143 2038 con·

125 2065 269 2145 spectum
298 2063 367 2126 eius
394 2061 458 2145 ipsi
485 2084 611 2146 quoque
639 2062 764 2126 lumina
787 2062 986 2146 attollerent,
1018 2062 1141 2146 inquo

124 2171 256 2213 munere
276 2149 332 2233 qui
354 2155 523 2232 cessasset,
539 2172 678 2234 poenam
696 2172 881 2234 passurum:
905 2149 982 2215 dum
1002 2151 1142 2216 sollicite

71 2252 105 2302 1ο
125 2241 329 2319 exspectatur
348 2239 478 2322 signum
502 2238 601 2321 ducis,
623 2238 855 2324 peruigilatum
879 2240 920 2304 ab
935 2239 1085 2304 omnibus
1109 2242 1144 2304 et

125 2330 292 2409 suspectae
315 2326 421 2390 noctis
445 2327 622 2408 periculum
646 2328 805 2392 euitatum
830 2332 887 2392 est.

193 2416 222 2478 2.
259 2413 440 2499 Iphicrates
473 2414 537 2479 dux
570 2415 836 2494 Atheniensium,
873 2438 945 2482 cum
976 2414 1140 2500 praesidio

125 2501 317 2568 Corinthum
340 2508 466 2568 teneret
488 2508 521 2568 et
549 2505 609 2569 sub
634 2505 809 2570 aduentum
832 2505 977 2570 hostium
999 2504 1069 2588 ipse
1092 2504 1141 2568 ui-

124 2593 220 2676 gilias
241 2593 432 2677 circumiret,
454 2593 597 2679 uigilem,
617 2616 712 2679 quem
730 2593 944 2658 dormientem
962 2594 1141 2678 inuenerat,

71 2696 105 2747 25
124 2682 287 2746 transfixit
316 2681 460 2766 cuspide:
490 2683 576 2767 quod
603 2681 725 2748 factum
754 2681 947 2768 quibusdam
969 2686 1139 2766 tamquam

197 2879 210 2926 1
235 2872 437 2943 Epiminondas
456 2873 500 2928 Ηι
531 2873 777 2943 Epimanonduslr
801 2877 806 2940 Ι
835 2871 989 2929 Mantiniae
1017 2891 1080 2930 nos:
1104 2874 1140 2942 cf.

121 2961 150 3014 p.
170 2951 218 3013 52,
237 2950 274 3001 21
294 2951 319 2998 ct
339 2946 419 3016 Troy.
434 2946 506 3014 prol.
522 2950 581 3012 6,6
603 2944 742 3000 mancinia
755 2945 819 2998 ΗΡ
838 2945 1039 3001 mantiniamd
1066 2946 1141 3015 apud

123 3015 291 3140 Manlissm
310 3018 370 3072 cdd.
392 3020 396 3084 Ι
419 3021 435 3071 2
454 3015 596 3072 inobsidii'r
613 3015 668 3071 hoc
686 3016 795 3071 uenisse
813 3017 857 3071 11¹
880 3018 886 3086 Ι
910 3023 926 3072 9
946 3017 1080 3085 .ΧΙι.·ΡΙ
1106 3021 1140 3070 10

124 3103 196 3155 aque

197 3165 229 3213 12
249 3175 316 3213 nero
335 3160 413 3213 eiecit
430 3159 450 3213 d
467 3163 504 3213 ὦ
518 3159 550 3212 Η
566 3157 631 3213 nelo
645 3160 684 3213 P:
702 3160 737 3227 cs.
747 3175 778 3228 p.
792 3163 838 3225 89,
852 3164 871 3215 8
887 3163 892 3226 1
910 3165 942 3214 19
962 3157 1141 3215 exercitanda

124 3229 158 3282 Η
160 3230 193 3295 Ρ,
212 3246 281 3285 corr.
296 3231 335 3300 dl
358 3236 391 3283 14
409 3230 465 3284 dux
483 3231 625 3299 suppleas:
644 3231 678 3299 cf.
694 3233 874 3300 11101191
895 3231 1005 3286 athenis
1019 3231 1048 3284 P
1062 3231 1141 3285 athe·

123 3300 316 3370 niensisolla
334 3302 433 3356 addo
448 3303 452 3368 Ι
470 3306 503 3356 19
521 3300 613 3370 iisPl
635 3308 667 3356 17
687 3303 883 3356 ostensurund
898 3301 902 3371 Ι
925 3304 1001 3357 esset
1017 3301 1118 3357 om.H

126 3376 159 3424 19
174 3389 285 3426 munere
301 3371 350 3441 qni
364 3371 404 3438 H,
417 3373 463 3426 sed
476 3389 506 3426 re
522 3373 571 3440 qui
584 3374 617 3426 ia
629 3389 685 3428 ras.
701 3375 719 3427 1ι
734 3374 739 3444 Ι
755 3379 912 3428 cessassent
921 3374 955 3426 H
969 3378 1034 3428 autc
1047 3389 1116 3428 corr.

14 3494 23 3512 ,
124 3447 157 3495 21
178 3442 313 3496 euitatum
328 3443 373 3509 H,
391 3443 437 3498 sed
455 3443 479 3497 it
496 3445 529 3497 iu
546 3460 602 3499 ras.
617 3446 737 3514 quinque
754 3444 858 3513 1111111
875 3449 909 3499 23
928 3443 989 3514 ipse
1008 3461 1059 3500 om.
1074 3443 1119 3498 Η]

117 3517 156 3564 24
172 3512 324 3567 rhuenerat
340 3515 377 3568 H
400 3513 511 3568 uiderat
527 3515 556 3568 P
