2468 3832
145 149 189 213 60
348 149 425 205 IULI
443 149 620 206 PRONTINI
642 149 962 207 STRATEGEMATON

144 313 180 376 in
207 312 333 377 insidiis
362 335 460 378 manu
487 313 644 398 quosdam
672 336 711 380 ex
739 314 804 378 suis
834 313 950 378 habitu
973 313 1160 399 Illyriorum

145 401 301 466 instruxit
328 405 361 466 et
387 401 485 467 iussit
511 407 642 467 uastare
670 424 762 467 suam
791 401 837 482 [id
867 406 916 467 est
942 402 1163 486 Epiroticam]

144 491 321 574 regionem.
358 490 443 575 quod
463 512 535 556 cum
553 490 661 576 Illyrii
680 491 826 555 uiderent
843 490 927 575 ficri,
950 491 1015 575 ipsi
1034 494 1161 576 passim

144 578 292 663 praedari
325 584 501 664 coeperunt
532 600 570 644 eo
608 580 768 661 securius,
807 579 894 663 quod
929 581 1161 684 praecedentes

109 667 247 733 tueluti
273 689 333 752 pro
363 668 622 769 exploratoribus
649 667 830 734 habebant:
862 668 1022 751 aquibus
1051 691 1089 734 ex
1113 672 1165 736 in·-

145 755 248 821 dust'
206 761 271 910 tlrra
293 757 329 821 in
351 756 455 822 loca
446 756 558 841 iniqua
581 756 709 821 deducti
732 757 818 821 caesi
841 756 1014 843 fugatique
1035 763 1120 825 sunt

213 843 381 928 11.Lept'
371 866 440 909 ines
461 866 589 928 quoque
608 842 831 931 Syracusanus
851 845 1006 911 aduersus
1021 843 1101 912 Oart
1103 847 1160 911 ha·

145 933 308 1019 ginienses
331 934 455 998 uastari
480 955 555 998 suos
575 955 673 1018 agros
693 938 726 998 et
744 935 871 999 incendi
895 935 990 1000 uillas
1011 935 1160 1000 castella·

145 1043 206 1106 que
221 1022 378 1105 quaedam
397 1022 585 1107 imperauit:
605 1020 683 1087 Oart
669 1022 903 1107 thaginienses,
921 1023 1020 1088 asnis
1035 1022 1070 1087 id
1087 1024 1161 1087 fieri

93 1128 125 1177 ιο
145 1111 219 1190 rati,
238 1115 270 1175 et
288 1111 352 1194 ipsi
369 1115 536 1197 tamquam
549 1110 585 1175 in
599 1111 795 1177 adiutorium
810 1113 959 1176 exierunt
971 1112 1164 1196 exceptique

146 1200 187 1265 ab
211 1199 455 1265 insidiatoribus
478 1199 544 1264 fusi
568 1204 652 1266 sunt.

214 1291 263 1353 12.
286 1287 468 1371 Maharbal,
486 1289 605 1353 missus
624 1311 643 1353 a
661 1285 986 1373 Carthaginiensibus
1005 1288 1160 1355 aduersus

144 1377 243 1442 Afros
261 1377 468 1461 rebellantes,
485 1398 558 1441 cum
577 1377 674 1442 sciret
692 1381 822 1462 gentem
842 1377 972 1441 auidam
992 1399 1063 1443 esse
1081 1379 1163 1463 uini,

144 1486 299 1550 magnum
327 1465 396 1529 eius
424 1464 556 1530 modum
584 1465 802 1551 mandragora
833 1465 1037 1551 permiscuit,
1069 1467 1160 1531 cuius

92 1570 125 1619 ιι
144 1554 230 1617 inter
248 1574 407 1618 uenenum
427 1574 464 1618 ac
483 1575 633 1637 soporem
652 1553 758 1618 media
776 1553 827 1617 uis
845 1555 904 1618 est.
940 1556 1011 1618 tum
1034 1554 1163 1637 proelio

145 1643 211 1706 leui
230 1648 403 1707 commisso
422 1664 461 1707 ex
479 1642 639 1707 industria
657 1640 764 1716 cessit.
795 1645 891 1707 nocte
910 1641 1026 1707 deinde
1045 1643 1161 1707 intem·

145 1735 239 1814 pasta
261 1731 384 1796 relictis
407 1731 495 1796 intra
517 1734 625 1796 castra
648 1728 841 1816 quibusdam
864 1730 1001 1796 sarcinis
1021 1733 1054 1794 et
1072 1731 1161 1794 omni

145 1819 223 1884 uino
245 1819 366 1886 iniecto
393 1819 508 1906 fugam
536 1819 718 1884 simulauit:
748 1839 884 1902 cumque
911 1818 1043 1884 barbari
1068 1839 1161 1883 occu·

145 1910 232 1993 patis
246 1910 361 1974 castris
380 1909 415 1974 in
435 1908 589 1993 gaudium
607 1908 700 1972 effusi
717 1908 812 1972 auide
824 1907 1022 1975 medicatum
1036 1928 1161 1973 merum

92 2013 125 2064 ιο
144 1997 332 2062 hausissent
356 2001 389 2061 et
410 1997 445 2062 in
473 1996 605 2061 modum
633 1995 860 2062 defunctorum
888 1997 984 2062 strati
1010 1997 1163 2080 iacerent,

145 2107 292 2150 reuersus
317 2089 373 2149 aut
395 2086 483 2170 cepit
506 2106 560 2150 eos
585 2087 642 2149 aut
663 2084 850 2151 trucidauit.

215 2173 265 2237 13
287 2171 464 2252 Hannibal,
482 2195 555 2238 cum
575 2174 672 2238 sciret
690 2178 801 2239 suaet
786 2172 1039 2239 tRomanorum
1054 2176 1163 2238 castra

145 2262 180 2324 in
200 2261 245 2325 eis
264 2260 344 2326 locis
364 2282 444 2346 esse,
464 2283 545 2345 quae
563 2261 664 2348 lignis
682 2261 925 2345 deficiebantur,
943 2282 982 2324 ex
1000 2261 1138 2326 indust'
1097 2265 1163 2325 trra

145 2348 180 2413 in
203 2350 336 2434 regione
360 2350 497 2414 deserta
510 2350 668 2433 plurimos
691 2354 912 2415 armentorum
935 2368 1051 2434 greges
1074 2349 1161 2412 intra

92 2456 126 2505 ιι
145 2439 268 2502 uallum
295 2438 440 2540 reliquit,
473 2460 537 2540 qua
564 2439 656 2503 uelut
684 2438 804 2523 praeda
831 2436 973 2502 Romani
1000 2437 1135 2522 potiti
1126 2460 1160 2501 in

147 2527 282 2592 summis
321 2527 512 2613 lignationis
549 2527 711 2611 angustiis
748 2525 969 2592 insalubribus
1007 2547 1041 2591 se
1078 2525 1160 2591 cibis

146 2620 373 2681 onerauerunt:
396 2614 570 2700 Hannibal,
591 2616 722 2682 reducto
741 2618 835 2680 nocte
856 2615 1011 2699 exercitu,
1030 2636 1159 2680 securos

145 2726 201 2768 eos
231 2709 264 2769 et
292 2704 474 2769 semicruda
501 2725 618 2790 graues
646 2725 743 2770 carne
774 2705 931 2770 maiorem
962 2705 997 2769 in
1029 2705 1162 2769 modum

145 2794 286 2858 uexauit.

91 2899 125 2948 ³0
214 2881 264 2946 14.
287 2880 336 2946 Ti.
351 2880 515 2946 Gracchus
535 2881 570 2945 in
582 2879 752 2965 Hispania,
770 2881 890 2945 certior
907 2880 1014 2946 factus
1032 2880 1161 2944 hostem

144 2971 274 3055 inopem
288 2970 483 3035 commercio
498 2970 658 3053 laborare,
671 2969 924 3035 instructissima
939 2973 1047 3035 castra
1060 2969 1162 3034 omni·

218 3167 232 3215 1
252 3160 454 3231 ylliriorumH
466 3161 471 3231 Ι
487 3166 503 3214 2
522 3159 552 3214 id
567 3162 611 3215 est
624 3159 797 3231 Epiroticam
816 3160 916 3216 debuit
930 3160 1004 3216 Sca:
1022 3160 1161 3299 cssLpechfi

144 3231 208 3303 §13
225 3236 228 3298 Ι
245 3180 352 3286 ayillirii
362 3232 397 3286 H
409 3235 413 3300 Ι
429 3230 1051 3312 uidentHoatccorrl4pracdiccriH¹17

144 3302 303 3374 nesOHPl
319 3302 574 3385 carthaginensesb
589 3301 594 3374 1
610 3300 905 3373 ceaahaginenceffl
917 3304 921 3369 Ι
939 3307 971 3356 12
980 3301 1145 3355 maarbalP

145 3373 404 3442 carthaginensibus
418 3374 456 3442 hl
479 3379 511 3428 13
530 3372 752 3441 rebellantisPl
777 3378 809 3428 15
828 3388 958 3457 saporem
970 3371 1040 3440 ΗΡ,
1059 3388 1107 3427 em
1118 3372 1137 3426 d

146 3448 178 3498 19
198 3442 337 3498 mediaest
325 3446 384 3498 tuni
400 3444 516 3507 H1120
535 3442 612 3499 etin
631 3445 746 3501 modum
763 3445 805 3500 bis
817 3445 930 3512 scripse
943 3442 987 3497 H¹
1004 3445 1008 3510 Ι
1024 3447 1057 3497 27
1072 3441 1160 3497 hone-

139 3531 226 3567 rarun
231 3515 286 3566 tP
297 3515 304 3582 l
325 3521 360 3569 30
378 3515 408 3569 Τ
425 3515 508 3585 ΗΡΙ
523 3532 641 3586 graccos
661 3515 705 3585 Pl
728 3521 761 3570 31
782 3516 842 3570 cast
842 3532 874 3570 ra
892 3515 934 3570 bis
951 3515 1063 3584 scripsit
1080 3513 1124 3569 ΗΙ
