2468 3832
150 129 213 193 112
352 130 428 186 IULI
444 129 623 186 FRONTINI
641 129 965 187 STRATEGEMATON

149 295 209 358 tim
237 294 374 359 credidit
400 295 590 378 transfugae
622 316 682 360 nec
708 299 818 359 tamen
845 316 914 358 rem
947 293 1166 379 spernendam
1202 340 1206 349 ,

149 387 240 447 ratus
274 383 436 468 disposuit
463 383 499 447 in
525 382 649 452 insidiis
678 383 891 449 lectissimam
923 404 1055 446 manum
1090 404 1167 448 suo·

150 493 233 537 rum.
278 473 319 537 ab
345 495 384 536 ea
407 470 493 537 Galli
517 473 643 556 excepti
672 471 845 556 dupliciter
867 470 1039 538 Hannonis
1062 472 1167 537 consi-

150 559 196 624 lio
212 561 455 627 satisfecerunt:
480 564 512 624 et
525 558 691 626 Romanos
710 561 894 625 ceciderunt
912 565 944 625 et
962 560 1026 643 ipsi
1049 581 1165 625 omnes

115 647 313 714 ainterfecti
338 653 422 713 sunt.
545 704 550 711 .

215 740 246 804 4.
279 737 445 802 Hannibal
473 736 572 801 simili
600 737 735 803 consilio
765 758 799 802 se
824 760 843 801 a
865 737 1045 821 transicgis
1076 737 1167 803 ultus

149 832 207 891 est.
239 849 315 890 nam
331 848 403 890 cum
423 826 549 910 aliquos
568 848 607 891 ex
625 826 784 892 militibus
805 825 872 890 suis
891 827 989 890 sciret
1006 827 1167 892 transisse

148 916 297 998 proxima
322 920 418 980 nocte
445 937 504 980 nee
531 916 698 1000 ignoraret
721 916 941 999 exploratores
965 915 1108 980 hostium
1132 916 1169 980 in

148 1005 264 1068 castris
285 1004 352 1067 suis
372 1025 451 1087 esse,
469 1005 579 1089 palam
598 1004 823 1088 pronuntiauit
844 1024 910 1068 non
929 1003 1046 1068 debere
1059 1008 1167 1069 trans-

99 1106 132 1157 10
150 1091 245 1176 fugas
278 1094 389 1158 uocari
418 1093 660 1158 sollertissimos
690 1093 830 1176 milites,
867 1091 924 1176 qui
946 1092 1048 1175 ipsius
1075 1093 1169 1158 iussu

151 1181 288 1245 exierint
311 1181 351 1246 ad
379 1182 568 1266 excipienda
595 1180 739 1247 hostium
763 1180 908 1247 consilia.
939 1180 1060 1245 auditis
1084 1203 1168 1265 qnae

149 1271 388 1354 pronuntiauit,
417 1271 598 1336 retulerunt
634 1271 855 1353 exploratores
892 1269 933 1334 ad
970 1291 1065 1334 suos:
1094 1272 1167 1334 tum

150 1359 376 1444 comprehensi
400 1382 419 1423 a
441 1359 597 1424 Romanis
621 1359 810 1441 transfugae
840 1363 873 1424 et
895 1359 1076 1442 amputatis
1099 1381 1168 1423 ma·

149 1447 246 1511 nibus
270 1446 398 1510 remissi
422 1452 505 1511 sunt.

97 1549 131 1599 15
216 1534 246 1598 5.
279 1533 453 1617 Diodotus,
483 1556 556 1599 cum
583 1535 748 1619 praesidio
771 1535 996 1620 Amphipolim
1019 1538 1169 1600 tueretur

152 1626 185 1686 et
208 1623 271 1688 duo
302 1622 394 1687 milia
417 1623 578 1688 Thracum
607 1629 759 1708 suspecta
785 1623 940 1707 haberet,
974 1644 1056 1708 quae
1079 1622 1168 1688 uide-

151 1711 271 1776 bantur
294 1712 407 1776 urbem
431 1713 604 1797 direptura,
627 1713 783 1778 mentitus
803 1717 852 1777 est
874 1734 996 1796 paucas
1019 1712 1168 1776 hostium

152 1823 251 1865 naues
275 1800 423 1884 proximo
451 1801 541 1867 litori
564 1801 760 1886 adplicuisse
791 1823 910 1885 easque
933 1801 1030 1885 diripi
1053 1822 1167 1885 posse:

152 1913 216 1975 qua
240 1912 296 1974 spe
326 1890 512 1955 stimulatos
536 1890 679 1956 Thracas
704 1889 815 1955 emisit
845 1912 882 1955 ac
906 1889 1022 1954 deinde
1045 1889 1169 1954 clausis

101 1981 257 2063 repertis
281 2001 347 2044 non
370 1980 503 2063 recepit.

425 2186 510 2242 XVII.
539 2187 587 2241 DE
606 2185 885 2243 ERUPTIONIBUS.

218 2333 246 2394 1.
280 2330 440 2413 Romani,
478 2333 532 2415 qui
569 2333 604 2394 in
640 2333 802 2417 praesidio
836 2333 1169 2399 Panhormitanorum

152 2424 262 2502 erant,
295 2420 444 2484 ueniente
474 2420 515 2485 ad
543 2421 746 2486 obsidionem
774 2421 979 2487 Hasdrubale
1009 2444 1101 2488 raros
1126 2444 1168 2488 ex

151 2509 314 2573 industria
332 2509 366 2573 in
387 2509 488 2574 muris
506 2515 685 2594 posuerunt
703 2510 902 2576 defensores:
927 2533 1065 2595 quorum
1087 2534 1167 2595 pau·

98 2612 132 2660 15
153 2598 251 2662 citato
274 2601 463 2682 contempta
486 2620 560 2663 cum
582 2600 730 2664 incautus
754 2599 855 2664 muris
879 2601 1067 2665 succederet
1081 2599 1168 2665 Has-

154 2686 279 2770 drubal,
304 2687 470 2771 eruptione
493 2687 579 2752 facta
602 2687 785 2753 ceciderunt
808 2709 890 2752 eum.

217 2775 247 2839 2.
280 2773 439 2840 Aemilius
459 2775 590 2854 Paulus,
612 2777 772 2841 uniuersis
796 2775 970 2861 Liguribus
998 2777 1169 2860 inprouiso

154 2863 276 2928 adortis
301 2868 408 2929 castra
433 2865 511 2945 eius,
535 2865 686 2930 simulato
709 2866 828 2929 timore
851 2866 990 2929 militem
1014 2865 1069 2930 diu
1092 2887 1169 2931 con-

152 2951 262 3016 tinuit:
277 2952 392 3045 deinde
411 2953 552 3038 fatigato
571 2954 636 3017 iam
655 2954 750 3018 hoste
770 2958 924 3038 quattuor
942 2955 1048 3038 portis
1072 2976 1168 3038 erup-

102 3056 136 3106 30
157 3042 246 3105 tione
269 3041 358 3106 facta
381 3043 501 3107 strauit
524 3043 673 3127 cepitque
696 3041 842 3126 Ligures.

224 3223 238 3270 1
258 3232 321 3270 cum
341 3216 376 3270 Η
390 3218 422 3270 a'a
439 3219 515 3285 raa!
541 3223 557 3270 9
576 3217 692 3272 deberet
709 3216 761 3286 ΗΙ
784 3223 817 3272 10
836 3217 895 3288 qui]
916 3234 971 3287 quo
986 3217 1021 3271 Η
1035 3217 1170 3286 quoniam

151 3288 190 3356 dl
212 3292 243 3340 11
264 3286 361 3342 audita
378 3287 430 3356 ΗΙ
452 3293 485 3342 13
504 3287 699 3358 comprehensi
717 3289 736 3342 d
754 3289 896 3356 conpressi
912 3289 994 3359 ΗΡΙ
1012 3294 1045 3343 15
1064 3289 1170 3344 Diodo-

151 3358 197 3410 tus
216 3358 251 3411 H
253 3358 281 3411 P
296 3358 435 3414 Diodorus
452 3360 512 3414 edd.
531 3360 591 3415 coll.
609 3359 734 3424 1111144,
747 3363 783 3414 44
798 3363 804 3426 Ι
821 3365 853 3414 16
872 3361 1003 3428 suspecta
1022 3390 1055 3400 —
1070 3361 1170 3415 urbem
1227 3386 1232 3395 ·

151 3443 202 3483 om.
217 3429 281 3493 H¹l
306 3435 337 3483 11
358 3431 401 3484 est
419 3446 470 3485 om.
484 3430 549 3499 H¹l
574 3436 606 3485 19
625 3429 710 3486 clasis
728 3429 773 3484 Ηι

223 3504 257 3552 25
275 3499 403 3554 incantas
422 3501 467 3556 11¹
492 3502 633 3557 incautius
651 3503 671 3557 d
