2468 3832
452 125 561 181 LIBER
579 126 613 181 II.
643 125 719 181 CAP.
740 131 764 182 5.
1074 122 1117 187 65

168 291 220 356 28.
244 289 385 374 Iapydes
408 288 444 354 P.
462 288 588 354 Licinio
611 287 799 372 proconsuli
822 287 1013 372 pag<an>os
1037 309 1115 372 quc·

99 402 162 464 que
191 380 251 444 sub
277 379 385 464 specie
414 378 586 443 deditionis
611 377 812 459 obtulerunt,
845 377 900 460 qui
929 377 1051 460 recepti
1082 379 1116 440 et

99 469 135 533 in
163 472 329 552 postrema
363 468 435 532 acie
467 466 636 532 conlocati-
658 472 752 550 terga
783 465 1003 530 Romanorum
1035 465 1115 530 ceci-

100 556 225 622 derunt.

168 645 221 709 29.
254 643 362 728 Scipio
389 643 579 726 Africanus,
611 665 685 707 cum
714 642 849 706 aduersa
876 641 1010 706 haberet
1038 643 1151 707 binas

99 733 246 799 hostium
269 737 389 817 castra,
413 730 569 817 Syphacis
589 737 622 797 et
642 730 975 820 Carthaginiensium,
999 731 1117 795 statuit

102 820 273 906 Syphacis,
296 822 352 886 ubi
375 822 481 886 multa
503 820 644 885 incendii
668 821 824 884 alimenta
848 825 953 900 erant,
984 818 1117 902 adgredi

99 915 196 977 noete
219 912 392 996 ignemque
415 911 547 992 inicere,
570 915 608 973 ut
630 929 669 972 ea
689 930 724 973 re
743 907 902 973 Numidas
926 908 1055 991 quidem
1079 929 1118 972 ex

102 1001 169 1065 suis
193 1000 308 1065 castris
331 999 533 1082 trepidantes
557 997 717 1080 caederet,
740 996 876 1062 Poenos
890 1001 1013 1080 autem,
1036 1018 1117 1081 quos

101 1092 227 1152 certum
255 1091 325 1152 erat
348 1087 389 1150 ad
412 1086 662 1152 succurrendum
690 1086 785 1151 sociis
812 1107 1041 1170 procurantes,
1068 1085 1116 1150 in-
1137 1104 1171 1153 10

102 1176 193 1240 sidiis
218 1175 385 1259 dispositis
408 1176 579 1258 exciperet.
616 1180 788 1259 utrumque
807 1197 846 1238 ex
865 1175 1028 1239 sententia
1052 1195 1116 1239 ses·

102 1264 160 1329 sit:
183 1262 303 1347 <nam>
325 1268 494 1348 tamquam
514 1263 554 1328 ad
572 1263 744 1328 fortuitum
767 1263 951 1328 incendium
976 1264 1044 1327 sine
1068 1285 1119 1327 ar-

101 1353 165 1417 mis
188 1353 405 1436 procurrentis
430 1352 563 1418 adortus
587 1351 711 1418 cecidit

159 1441 221 1506 -30.
244 1440 465 1526 Mithridates,
484 1464 503 1506 a
522 1441 657 1506 Lucullo
677 1441 799 1506 uirtute
817 1440 1006 1525 frequenter
1025 1461 1117 1524 supe-

100 1534 206 1613 ratus,
233 1530 372 1595 insidiis.
386 1552 462 1596 eum
485 1531 639 1616 appetiit,
662 1529 852 1595 Adathante
875 1530 1015 1614 quodam
1039 1529 1117 1593 emi·
1137 1547 1170 1595 15

100 1623 197 1684 nente
220 1619 346 1684 uiribus
370 1621 561 1699 subornata,
584 1624 622 1683 ut
644 1619 866 1702 transfugeret
885 1622 918 1682 et
935 1618 1000 1682 fide
1023 1621 1118 1702 parta

100 1708 188 1773 hosti
212 1707 337 1772 facinus
361 1710 576 1790 perpetraret:
600 1705 732 1791 quadis
752 1712 881 1771 strenue
899 1706 1042 1790 quidem,
1062 1706 1119 1771 sed

99 1795 168 1861 sine
193 1799 312 1861 euentu
334 1799 470 1860 conatus
494 1798 553 1859 est.
598 1797 747 1877 receptus
772 1795 857 1857 enim
881 1816 901 1857 a
924 1793 1059 1858 Lucullo
1083 1796 1117 1857 in

100 1905 232 1969 gregem
252 1884 398 1967 equitum
420 1904 489 1947 non
512 1883 581 1946 sine
604 1883 708 1947 tacita
730 1882 878 1946 custodia
901 1881 1034 1946 habitus
1059 1885 1117 1965 est,

100 1974 177 2056 quia
199 1994 257 2036 nec
281 1971 369 2036 credi
393 1971 502 2036 subito
525 1971 716 2056 transfugae
733 1993 793 2036 nec
811 1969 953 2034 inhiberi
972 1970 1115 2054 reliquos
1134 1987 1169 2038 ao

100 2061 279 2144 oportebat.
334 2082 407 2125 cum
446 2060 562 2125 deinde
602 2059 828 2144 frequentibus
870 2059 1114 2124 excursionibus

98 2153 285 2233 promptam
304 2151 336 2213 et
355 2148 483 2214 enixam
506 2171 640 2234 operam
664 2149 842 2232 exhiberet,
864 2148 927 2213 fide
952 2148 1115 2233 adquisita

99 2241 226 2322 tempus
255 2237 368 2324 elegit,
398 2260 461 2324 quo
488 2240 589 2305 missa
616 2239 776 2324 principia
799 2238 939 2323 quietem
963 2237 1114 2303 omnibus

99 2328 319 2393 castrensibus
348 2328 471 2393 dabant
497 2328 763 2414 praetoriumque
792 2328 944 2393 secretius
968 2330 1114 2410 praesta·

99 2416 188 2482 bant
220 2437 314 2482 casus
330 2417 460 2482 adiuuit
477 2416 655 2483 Lucullum.
691 2418 841 2502 namqui
860 2416 900 2480 ad
918 2416 1113 2498 uigilantem
1134 2429 1167 2479 aa

172 2577 186 2625 1
205 2571 298 2641 Iapies
314 2571 348 2624 H
363 2570 484 2640 Iapyges
500 2573 535 2638 P,
554 2588 623 2627 corr.
639 2571 708 2626 Oud.
724 2572 783 2626 coll.
798 2571 865 2626 Lis.
880 2574 925 2638 43,
941 2575 966 2636 5,
981 2574 999 2624 3
1017 2576 1042 2625 ct
1060 2572 1115 2639 epi-

100 2646 162 2696 tom.
176 2645 213 2695 43
229 2645 233 2708 1
250 2646 368 2710 proco-us
383 2641 418 2695 H
433 2658 551 2709 procons
566 2643 611 2709 ΡΙ
627 2659 752 2711 paganos
768 2642 847 2696 Steso.
867 2657 956 2710 pagos
970 2640 1032 2695 ΗΡ
1049 2659 1117 2711 pau-

101 2728 149 2766 cos
168 2711 227 2767 Ser.
244 2714 249 2779 Ι
264 2712 487 2780 pugnacissimos
505 2729 631 2782 quosque
646 2713 729 2768 Gesta
744 2715 749 2780 Ι
764 2717 781 2766 ὃ
799 2728 900 2766 auersa
919 2716 972 2780 (pr.
987 2729 1005 2767 a
1018 2713 1050 2767 tn
1062 2729 1117 2767 rus.

99 2784 186 2838 trium
204 2784 257 2838 sits.
270 2783 300 2850 t)
320 2783 393 2850 ΗΡ,
412 2799 480 2838 corr.
500 2785 571 2850 (116
590 2781 847 2853 carthaginensium
865 2784 883 2836 h
898 2783 903 2854 Ι
921 2783 1121 2838 sincendiaH

100 2853 240 2908 incendiis
259 2854 319 2908 cdd.
336 2857 340 2922 Ι
357 2859 373 2908 8
392 2857 502 2909 noctem
517 2855 553 2909 H
566 2854 571 2927 1
593 2861 625 2909 11
646 2870 680 2908 ex
698 2853 866 2909 sententiam
885 2855 943 2919 (sed
960 2872 989 2907 m
1007 2871 1068 2923 cap.
1086 2855 1116 2921 h)

101 2924 186 2981 cessit
204 2924 240 2978 H
262 2941 295 2979 ex
318 2925 459 2981 sententia
480 2925 596 2981 incessit
612 2926 640 2979 P
652 2943 686 2981 ex
700 2926 839 2980 sententia
857 2926 1024 2979 suecessitd
1048 2928 1053 2993 Ι
1084 2931 1116 2979 12

98 3013 164 3050 nam
183 2998 328 3064 tamquam
346 2998 446 3065 scripsi
464 2998 572 3066 tamqui
590 2998 625 3052 H
643 2999 703 3051 tam
720 3012 840 3065 namque
860 2995 909 3064 qui
922 2996 950 3049 P
964 2997 1118 3064 namqued

98 3083 220 3135 namque
247 3069 280 3121 ut
300 3067 383 3123 Gesta
401 3085 467 3122 nam
491 3066 542 3140 <et
564 3068 702 3123 Numidas
725 3066 826 3122 castris
845 3067 943 3122 exutos
962 3069 991 3121 et
1008 3066 1116 3122 Poenos

98 3136 266 3211 tam>qusm
286 3138 425 3194 Graecias
443 3140 579 3194 colth'u.
593 3144 639 3207 30,
655 3144 713 3194 5.6
737 3142 742 3206 1
767 3144 800 3218 13
819 3138 1046 3207 procurrentest
1061 3142 1065 3200 Ι
1083 3144 1117 3192 14

98 3209 251 3264 Mitridatis
275 3209 310 3263 H
331 3211 336 3280 Ι
362 3214 394 3264 15
414 3210 451 3264 ad
464 3211 581 3264 athante
600 3211 723 3280 quodam
742 3210 770 3265 P
786 3209 874 3264 adath
892 3210 1044 3277 antequam
1058 3208 1094 3262 H
1110 3208 1114 3280 t

100 3281 232 3334 Ὀλθακὸς
250 3280 327 3335 Plut.
350 3280 519 3337 Lucull.16
543 3283 676 3348 Ὀλκάβαε
694 3282 817 3351 Appiae.
838 3279 935 3335 Mitius.
955 3285 991 3335 79
1016 3282 1021 3348 Ι
1050 3280 1117 3335 emi·

99 3352 212 3405 nentem
226 3350 270 3405 Η1
310 3357 342 3406 16
361 3353 513 3407 subornato
532 3369 582 3407 om.
597 3352 641 3406 H¹
658 3357 662 3420 Ι
678 3352 772 3423 parta]
786 3352 862 3406 facta
876 3351 955 3406 Stare.
974 3350 983 3453 p
1014 3357 1046 3406 17
1065 3352 1117 3405 ho-

101 3423 152 3476 stis
171 3421 270 3488 dlhis
319 3421 972 3492 ¹118luculoH¹121deinP122fidemH
999 3421 1053 3494 123
1068 3422 1117 3477 eli-

99 3494 142 3563 git
156 3491 220 3565 H¹t
241 3497 275 3547 25
294 3510 388 3549 cassus
407 3494 452 3548 H¹

153 3591 293 3633 Faciamus
308 3593 343 3636 sd.
357 3591 529 3637 Gundsrmann.
955 3583 979 3626 ἢ
