2468 3832
155 130 196 193 12
357 129 434 183 IULI
451 127 629 183 TRONTINI
648 125 968 184 STRATEGEMATON

154 294 184 356 ei
212 293 316 357 classe
343 291 490 356 insidiati
522 311 640 376 agmen
668 291 737 355 eius
765 288 990 373 scorpionibus
1021 289 1177 374 adgressi

155 384 276 459 essent,
313 381 460 464 captiuos
493 380 588 445 lateri
620 379 763 444 euntium
797 378 993 462 praetexuit:
1031 400 1178 462 quorum

154 474 302 552 respectu
324 469 435 534 hostes
458 469 628 532 inhibuere
652 468 728 532 tela.

220 559 251 623 2.
280 558 454 643 Agesilaus
477 556 763 636 Lacedaemonius,
792 576 864 619 cum
887 554 1008 639 praeda
1032 559 1177 623 onustus

119 664 193 714 sex
224 645 370 731 Phrygia
407 644 528 710 rediret
564 645 873 728 insequerenturque
909 644 1020 709 hostes
1058 648 1094 708 et
1132 646 1179 711 ad

153 735 298 800 locorum
323 734 601 817 opportunitatem
625 735 821 798 lacesserent
843 752 961 816 agmen
979 733 1062 816 eius,
1087 734 1179 799 ordi·

154 846 226 887 nem
258 823 462 906 captiuorum
490 821 531 887 ab
560 826 697 906 utroque
725 821 826 886 latere
854 820 1013 886 exercitus
1041 821 1095 885 sui
1118 843 1179 887 ex-

154 912 284 995 plicuit:
308 911 425 994 quibus
444 911 521 975 dum
544 911 689 994 parcitur
708 910 749 974 ab
768 909 879 993 hoste,
903 909 1046 992 spatium
1064 912 1178 976 trans-

155 999 252 1062 eundi
274 999 458 1064 habuerunt
480 997 736 1064 Lacedaemonii.

103 1105 136 1154 10
222 1087 251 1151 3.
283 1086 383 1172 Idem,
405 1087 592 1153 tenentibus
616 1086 786 1171 angustias
805 1085 985 1169 Thebanis,
1007 1106 1065 1170 per
1089 1107 1176 1170 quas

155 1175 389 1240 transeundum
417 1176 573 1258 habebat,
604 1175 694 1239 flexit
720 1176 796 1259 iter,
824 1175 918 1259 quasi
940 1174 1071 1239 Thebas
1096 1195 1176 1241 con·

154 1265 316 1329 tenderet:
344 1264 508 1329 exterritis
533 1264 697 1328 Thebanis
726 1262 946 1347 digressisque
969 1263 1010 1327 ad
1033 1264 1176 1330 tutanda

154 1354 283 1417 moenia
305 1353 481 1436 repet‘tum
503 1352 580 1436 iter,
604 1374 666 1435 quo
690 1351 925 1435 destinauerat,
948 1372 1097 1416 emensus
1121 1358 1177 1418 est

154 1442 243 1504 nullo
268 1441 456 1505 obsistente.

103 1546 135 1594 15
220 1530 251 1592 4.
281 1527 489 1593 Nicostratus
517 1527 581 1592 dux
604 1527 797 1593 Aetolorum
826 1528 981 1593 aduersus
1004 1528 1176 1615 Epirotas,

155 1638 228 1680 cum
261 1617 291 1680 ei
325 1617 432 1681 aditus
464 1617 498 1680 in
530 1616 611 1682 fines
644 1639 755 1682 eorum
788 1618 920 1702 angusti
951 1618 1079 1698 fierent,
1112 1641 1177 1703 per

156 1705 295 1769 alterum
319 1705 428 1770 locum
451 1705 659 1788 inrupturum
678 1728 712 1770 se
731 1705 917 1785 ostendens,
941 1705 1031 1771 omni
1052 1705 1112 1770 illa
1130 1708 1177 1773 ad

154 1793 393 1878 prohibendum
416 1798 604 1860 occurrente
622 1794 833 1878 Epirotarum
852 1794 1074 1878 multitudine,
1097 1796 1177 1860 reli-

154 1883 225 1967 quit
257 1905 332 1948 suos
364 1905 498 1967 paucos,
532 1885 587 1968 qui
618 1885 758 1969 speciem
787 1884 983 1948 remanentis
1012 1883 1176 1950 exercitus

101 1987 135 2037 20
154 1972 362 2054 praeberent:
385 1973 454 2055 ipse
479 1993 551 2037 cum
575 1977 681 2038 cetera
705 1994 804 2038 manu
828 1993 892 2056 quo
915 1993 981 2038 non
1005 1976 1176 2056 exspecta-

156 2060 253 2124 batur
276 2060 367 2124 aditu
390 2060 537 2125 intrauit.

221 2147 252 2211 5.
284 2147 549 2230 Autophradates
576 2147 706 2226 Perses,
734 2169 807 2213 oum
835 2149 869 2213 in
898 2148 1053 2213 Pisidiam
1082 2170 1174 2214 exer-

155 2235 256 2299 citum
275 2235 406 2299 duceret
421 2239 453 2299 et
468 2236 636 2320 angustias
651 2236 808 2320 quasdam
821 2235 951 2301 Pisidae
967 2243 1176 2322 occuparent,

156 2323 309 2387 simulata
332 2323 504 2388 vexatione
527 2325 698 2390 traiciendi
720 2325 864 2389 instituit
891 2326 1056 2390 reducere:
1084 2327 1175 2409 quod

101 2427 136 2476 25
156 2433 229 2476 cum
265 2411 395 2476 Pisidae
433 2412 658 2499 credidissent,
699 2413 755 2477 ille
795 2417 891 2478 nocte
933 2412 1174 2480 ualidissimam

155 2522 287 2565 manum
315 2500 355 2564 ad
385 2500 520 2565 eundem
548 2500 656 2566 locum
683 2501 903 2586 occupandum
934 2501 1104 2587 praemisit
1134 2525 1175 2569 ac

154 2592 287 2673 postero
312 2589 362 2653 die
386 2591 491 2653 totum
514 2589 643 2655 traiecit
667 2591 849 2655 exercitum.

222 2678 250 2740 6.
275 2676 444 2760 Philippus
462 2678 675 2744 Macedonum
693 2699 749 2743 rex
764 2677 933 2744 Graeciam
951 2682 1076 2763 petens,
1096 2699 1174 2744 cum

154 2764 390 2849 Thermopylas
410 2770 583 2850 occupatas
603 2767 729 2832 audiret
748 2771 781 2832 et
800 2767 840 2831 ad
860 2789 933 2832 eum
954 2766 1058 2851 legati
1072 2765 1175 2833 Aeto·

226 2998 241 3045 2
257 2991 377 3062 captiuis
391 2993 483 3047 latera
494 2993 535 3060 P;
550 2994 671 3061 es.6,17
687 2997 692 3061 Ι
710 2999 741 3047 11
752 2994 871 3049 transire
882 2993 1013 3048 auebatd
1029 2995 1032 3062 l
1050 2999 1083 3047 13
1094 2995 1174 3061 quod

153 3064 212 3119 edd.
230 3067 234 3131 Ι
257 3068 290 3118 16
304 3062 482 3119 Nicostratus
500 3067 591 3134 (prior
605 3083 617 3120 s
631 3070 777 3134 asperam)
790 3065 841 3131 ΗΙ
860 3069 892 3118 16
910 3063 1003 3119 forent
1016 3065 1144 3120 Eussner
1166 3066 1171 3138 Ι

154 3139 188 3188 20
207 3151 262 3202 quo
281 3134 416 3190 Heinsius
443 3150 498 3202 qua
516 3135 592 3202 ΗΡ,
615 3136 662 3191 sed
685 3153 722 3191 ua
743 3152 830 3204 supra
846 3152 902 3191 ras.
921 3136 1007 3190 unius
1025 3136 1077 3190 litt.
1097 3136 1172 3203 (fae-

153 3210 232 3259 ratac
250 3224 277 3273 q:
293 3231 327 3251 =
341 3223 395 3274 que
410 3205 438 3274 ?)
453 3207 491 3268 bl
517 3211 550 3262 21
566 3206 675 3262 aditum
689 3207 718 3260 P
732 3222 789 3275 qna
803 3237 837 3247 —
850 3207 956 3273 aditus,
977 3205 1041 3261 intr.
1062 3205 1142 3261 δίεν).
1165 3207 1169 3279 Ι

153 3281 187 3329 22
207 3277 407 3332 Autolradates
424 3277 488 3331 ΗΡ
509 3279 514 3344 Ι
538 3294 635 3347 perses
653 3278 699 3344 H,
721 3279 767 3333 sed
784 3293 835 3347 per
852 3279 884 3332 in
901 3278 995 3331 raab
1019 3281 1023 3343 Ι
1048 3283 1082 3331 23
1101 3276 1171 3345 pisi·

154 3344 217 3399 diae
232 3346 277 3414 H,
296 3349 343 3402 sed
361 3347 391 3417 pi
408 3349 441 3403 ta
458 3363 513 3402 ras.
528 3354 553 3403 et
567 3347 597 3403 di
615 3366 649 3403 err
668 3349 706 3401 du
724 3364 792 3404 corr.
807 3350 825 3402 t
845 3352 849 3416 l
875 3353 910 3402 24
928 3347 1083 3403 traiciendo
1096 3347 1142 3400 Η1
1164 3347 1169 3420 Ι

152 3416 299 3471 reduceret
312 3418 357 3471 11¹
372 3422 377 3486 Ι
397 3424 432 3473 25
450 3417 572 3488 pisidiae
586 3420 637 3487 ΗΙ
658 3425 693 3474 28
712 3417 837 3488 graecias
851 3419 886 3472 H
890 3419 926 3486 P,
944 3419 992 3473 sed
1009 3418 1044 3485 cf.
1061 3417 1170 3474 Uteris.

153 3487 190 3541 K.
201 3503 231 3556 p.
248 3492 328 3555 32,4
348 3491 353 3556 1
374 3494 408 3543 29
427 3490 631 3560 thermophilas
650 3490 684 3544 H
700 3489 910 3560 thermophylas
929 3490 958 3543 P
