2468 3832
434 138 545 194 LIBER
562 141 583 194 I.
614 137 690 193 OAP.
712 143 790 194 1-2.
1098 139 1118 203 9

108 302 215 366 studio
234 303 268 366 in
288 301 465 366 amicitiam
485 301 552 364 eius
567 301 753 382 peruenire:
778 323 841 385 qua
859 301 887 364 is
905 301 1030 384 potitus
1049 322 1121 366 con-

108 391 182 455 silia
205 390 273 454 eius
296 393 375 453 nota
399 389 524 454 ciuibus
548 389 615 453 suis
638 389 789 454 faciebat

172 479 203 541 4.
226 476 317 542 Idem
336 476 623 560 Carthaginienses
642 478 810 561 miserunt,
832 477 888 560 qui
905 498 963 560 per
982 478 1121 561 speciem

106 566 290 649 legatorum
318 565 417 650 longo
444 570 590 649 tempore
616 565 739 630 Romae
767 569 971 630 morarentur
997 567 1121 649 excipe·

106 657 241 737 rentque
266 654 401 719 consilia
423 657 620 720 nostrorum.
1139 669 1155 716 o

150 742 180 807 5.
208 741 250 807 M.
275 740 355 806 Cato
379 743 414 806 in
436 741 611 826 Hispania,
642 743 717 826 quia
745 743 785 807 ad
813 743 958 808 hostium
983 742 1120 807 consilia

107 831 172 894 alia
190 831 244 894 uia
262 831 431 914 peruenire
444 854 511 897 nou
529 835 692 916 potuerat,
710 831 806 896 iussit
815 827 982 895 'trecentos
998 831 1118 895 milites

105 919 202 983 simul
221 921 378 1002 impetum
397 920 502 985 facere
520 920 556 983 in
573 920 750 984 stationem
768 919 913 984 hostium
926 922 1119 1003 raptumque

105 1030 204 1072 unum
224 1029 262 1072 ex
281 1007 333 1072 his
352 1009 387 1072 in
405 1011 514 1073 castra
537 1008 680 1090 perferre
703 1008 911 1073 incolumem:
934 1012 1042 1073 tortus
1065 1009 1119 1072 ille

106 1096 216 1160 omnia
239 1117 372 1160 suorum
396 1117 513 1159 arcana
536 1096 704 1161 confessus
728 1101 787 1162 est.
1140 1109 1173 1158 10

174 1184 204 1247 6.
232 1182 266 1249 0.
288 1182 413 1247 Marius
443 1184 555 1248 consul
584 1184 671 1248 bello
696 1182 858 1249 Cimbrico
887 1188 920 1248 et
943 1184 1119 1249 Teutonico

107 1271 148 1335 ad
167 1271 390 1336 excutiendam
406 1271 572 1337 Gallorum
588 1276 620 1337 et
634 1271 790 1357 Ligurum
808 1272 906 1336 fidem
924 1272 1053 1336 litteras
1073 1273 1119 1336 eis

106 1360 210 1442 misit,
237 1382 372 1444 quarum
396 1383 473 1444 pars
496 1361 586 1445 prior
612 1361 849 1445 praecipiebat,
875 1382 917 1425 ne
940 1360 1121 1443 interiores,

105 1470 187 1532 quae
206 1449 435 1532 praesignatae
455 1453 558 1532 erant,
577 1452 651 1514 ante
671 1455 794 1514 certum
811 1453 941 1532 tempus
957 1448 1120 1531 aperiren-

103 1541 170 1600 tur:
194 1537 323 1601 easdem
345 1542 460 1621 postea
481 1541 556 1602 ante
574 1539 805 1621 praestitutum
824 1537 909 1602 diem
927 1538 1059 1621 repetiit
1077 1541 1118 1620 et,
1139 1550 1172 1599 15

104 1626 180 1708 quia
207 1626 392 1709 resignatas
419 1630 622 1710 reppererat,
648 1627 809 1693 intellexit
831 1626 965 1691 hostilia
989 1626 1118 1710 agitari.

172 1713 248 1795 [Est
280 1719 313 1777 et
344 1713 432 1778 aliud
465 1713 655 1797 explorandi
688 1735 805 1798 genus,
838 1735 902 1797 quo
931 1715 994 1797 ipsi
1023 1713 1119 1779 duces

103 1803 193 1866 nullo
218 1802 417 1866 extrinsecus
442 1801 601 1866 adiutorio
624 1823 683 1884 per
708 1823 741 1865 se
764 1802 951 1885 president,
976 1802 1073 1882 sicut]

173 1892 201 1954 7.
226 1890 383 1953 Aemilius
401 1889 523 1953 Paulus
543 1889 666 1972 consul,
688 1888 777 1953 bello
795 1889 935 1953 Etrusco
960 1889 1045 1972 apud
1065 1910 1118 1972 op-

104 1977 215 2061 pidum
232 1976 444 2041 Vetuloniam
464 1977 663 2042 demissurus
683 1977 859 2043 exercitum
883 1976 918 2041 in
940 1976 1119 2062 planitiem,
1138 1992 1172 2041 2ο

105 2065 343 2148 contemplatus
383 2067 497 2149 procul
538 2067 646 2130 auium
687 2066 929 2131 multitudinem
969 2065 1119 2131 citatiore

104 2155 218 2218 uolatu
246 2174 285 2217 ex
313 2154 397 2219 silua
424 2156 676 2239 consurrexisse,
708 2155 870 2220 intellexit
898 2155 1022 2240 aliquid
1050 2154 1119 2219 illie

104 2242 295 2307 insidiarum
327 2243 443 2322 latere,
476 2243 562 2328 quod
594 2247 627 2309 et
659 2244 810 2309 turbatae
841 2264 918 2309 aues
950 2248 982 2308 et
1010 2244 1118 2327 plures

104 2332 201 2396 simul
234 2332 451 2396 euolauerant.
496 2334 685 2416 praemissis
718 2333 819 2417 igitur
856 2333 1117 2415 exploratoribus

103 2420 275 2503 comperit,
298 2419 408 2485 decem
432 2421 523 2485 milia
541 2421 698 2487 Boiorum
722 2420 910 2504 excipiendo
934 2421 980 2484 ibi
1000 2421 1118 2484 Roma·
1137 2433 1170 2482 25

102 2530 219 2573 norum
243 2509 367 2591 agmini
389 2510 560 2591 inminere,
584 2531 685 2593 eaque
709 2509 773 2573 alio
793 2530 891 2592 quam
911 2508 1118 2590 exspectaba-

103 2599 157 2659 tur
179 2597 282 2659 latere
306 2596 415 2660 missis
438 2596 621 2680 legionibus
645 2596 859 2662 circumfudit.

172 2683 201 2747 8.
224 2681 382 2747 Similiter
400 2682 592 2748 Tisamenus
612 2683 736 2749 Orestis
758 2684 860 2767 filius,
884 2705 957 2748 cum
976 2683 1118 2749 audisset

175 2863 191 2912 3
214 2859 365 2927 exemplam
383 2863 536 2926 suspectum
554 2859 634 2913 habet
656 2856 848 2926 Wachsmath;
871 2859 906 2925 ef.
922 2858 1013 2926 praes.
1032 2857 1053 2928 5
1071 2864 1089 2913 9

103 2928 330 2997 carthaginenses
345 2927 409 2983 ΗΡ
422 2933 427 2996 Ι
443 2935 459 2982 9
478 2928 638 2983 ineolimem
653 2929 697 2982 H¹
720 2929 882 2984 incolomis
898 2931 902 2996 Ι
917 2928 967 2982 ille
985 2945 1036 2984 om.
1046 2929 1090 2982 H¹

104 3005 137 3052 12
157 3000 186 3053 et
203 2998 264 3068 Lig.
280 3026 314 3040 -
329 3015 394 3069 pars
412 3016 463 3055 om.
478 2999 523 3052 Ηι
547 3003 551 3067 Ι
578 3005 611 3055 13
630 2999 718 3071 prior]
743 2999 869 3070 superior
886 2999 989 3055 Hartel
1008 3003 1012 3067 Ι
1036 3016 1116 3069 prae-

103 3070 264 3195 pappa
271 3071 531 3196 ltttuulttl
544 3071 915 3212 ittartltmtlst}
928 3070 1117 3208 {turult

102 3211 158 3294 lus]
178 3212 271 3281 Papus
290 3211 390 3294 Gaea,
412 3212 448 3278 cf.
462 3213 554 3280 praef.
569 3211 589 3283 5
604 3217 660 3276 ΠΙ
685 3184 721 3266 td
739 3158 920 3268 Veddloniam
938 3228 989 3267 uos
1006 3213 1053 3266 uel
1072 3231 1116 3269 co-

101 3282 209 3336 lomam
222 3284 256 3337 H
276 3283 416 3338 colomam
433 3283 461 3336 P
481 3281 635 3337 Telamona
651 3284 735 3339 Grou.
755 3285 814 3339 coll.
835 3283 896 3339 Pol.
915 3287 943 3348 2,
956 3287 996 3339 27
1022 3283 1117 3354 Popu-

102 3352 207 3407 loniam
224 3353 294 3408 Oud.
314 3353 463 3408 Cortonam
481 3352 624 3409 OEuoemus
642 3356 701 3409 coll.
718 3355 778 3410 Pol.
793 3360 821 3422 3,
835 3360 875 3410 82
891 3357 896 3421 Ι
919 3353 1024 3409 dimiss.
1039 3356 1092 3410 hP

103 3428 137 3476 25
157 3429 190 3478 ,ἰ
209 3423 289 3479 milia
308 3425 336 3478 P
354 3428 359 3492 Ι
383 3425 425 3479 ibi
443 3442 494 3480 om.
508 3424 552 3477 ΗἸ
576 3429 580 3494 Ι
606 3431 640 3479 26
659 3425 755 3495 agmin
770 3426 814 3480 H¹
839 3427 844 3495 Ι
868 3431 902 3480 28
921 3425 1073 3480 tiamemus

103 3493 243 3550 tisamenus
263 3496 298 3562 P,
317 3512 385 3552 corr.
403 3498 422 3553 d
