2468 3832
163 131 205 195 70
366 129 442 187 IULI
459 129 638 187 FRON'PINI
657 130 978 187 STRATEGEMATON

159 295 345 361 tenentibus
373 291 542 379 planitias,
571 317 643 360 eum
671 296 838 380 utriusque
866 296 969 379 partis
997 296 1176 379 plurimum

159 385 332 450 interesset
355 385 452 449 colles
476 384 642 468 proximos
666 406 821 469 occupare
844 384 940 468 idque
969 389 1102 469 propter
1125 408 1177 451 sa-

158 495 274 539 xorum
305 474 515 558 asperitatem
543 478 630 538 esset
658 472 805 557 difficile,
839 477 1007 558 tamquam
1034 473 1177 540 Ilerdam

158 563 372 646 repetiturum
403 567 491 628 retro
525 582 642 648 agmen
675 563 856 646 ordinauit,
892 561 1033 628 faciente
1065 564 1177 647 inopia

124 651 255 716 efidem
279 651 499 717 destinationi.
533 650 620 716 intra
643 651 871 717 breuissimum
894 651 1009 716 deinde
1033 652 1177 742 spatium

159 740 275 826 exiguo
304 740 441 806 circuitu
468 741 557 804 flexit
584 745 718 825 repente
746 741 786 805 ad
815 740 933 804 montis
961 742 1175 824 occupandos.

158 851 222 912 quo
246 829 320 894 uisu
342 828 527 913 perturbati
550 827 724 894 Afraniani
751 830 841 894 uelut
869 829 974 912 captis
1002 831 1119 895 castris
1144 835 1177 896 et

157 917 221 1001 ipsi
236 918 337 982 effuso
357 940 453 982 eursu
473 917 603 983 eosdem
622 922 749 983 montes
768 917 905 1001 petiere:
924 918 1010 1001 quod
1027 918 1175 985 futurum

158 1028 231 1070 oum
249 1007 510 1089 praediuinasset
524 1004 653 1085 Caesar,
672 1006 792 1090 partim
810 1006 957 1090 peditatu
972 1029 1067 1090 quem
1082 1030 1174 1091 prae·

107 1111 139 1160 ro
158 1095 303 1177 miserat,
325 1095 447 1179 partim
467 1117 486 1161 a
503 1100 596 1180 tergo
616 1095 798 1160 summissis
822 1095 985 1179 equitibus
1008 1096 1173 1161 inordina·

157 1187 211 1249 tos
236 1187 286 1248 est
309 1184 451 1249 adortus.

224 1273 276 1338 39.
300 1273 463 1338 Antonius
488 1271 574 1355 apud
592 1270 713 1337 Forum
733 1271 918 1355 Gallorum,
940 1294 1013 1337 cum
1030 1272 1175 1339 Pansam

157 1363 323 1427 consulem
343 1362 518 1426 aduentare
537 1361 764 1445 comperisset,
787 1361 914 1426 insidiis
933 1382 991 1445 per
1010 1362 1175 1427 siluestria

156 1450 316 1515 Aemiliae
344 1450 417 1514 uiae
446 1448 612 1532 dispositis
641 1470 758 1533 agmen
786 1450 855 1514 eius
879 1450 1006 1533 excepit
1027 1449 1175 1535 fuditque

105 1555 138 1605 15
158 1542 191 1602 et
217 1538 325 1621 ipsum
352 1559 390 1603 eo
419 1539 552 1602 uulnere
581 1537 715 1620 adfecit,
747 1560 810 1622 quo
840 1539 929 1602 intra
957 1559 1076 1623 paucos
1106 1539 1174 1605 dies

158 1627 406 1692 exanimaretur.

222 1716 274 1781 40.
298 1715 381 1780 Iuba
399 1736 454 1779 rex
472 1716 507 1780 in
521 1714 635 1782 Africa
653 1715 740 1780 bello
759 1715 849 1780 ciuili
864 1712 1013 1781 Curionis
1030 1716 1174 1781 animum

157 1803 311 1870 simulato
333 1824 485 1891 regressu
508 1805 629 1889 inpulit
651 1803 687 1868 in
704 1825 824 1868 uanam
842 1804 1059 1869 alacritatem:
1083 1806 1173 1870 cuius

158 1895 227 1977 spei
247 1893 394 1959 uanitate
413 1894 566 1978 deeeptus
582 1892 691 1978 (lario,
710 1892 786 1956 dum
804 1897 974 1978 tamquam
992 1893 1173 1979 fugientem

104 1998 138 2048 20
158 1979 338 2048 Sabboram
361 1983 487 2067 regium
509 1982 710 2067 praefectum
737 1983 958 2067 persequitur,
986 1982 1116 2047 deuenit
1139 1983 1174 2046 in

155 2073 305 2155 patentes
334 2092 477 2155 campos,
505 2071 562 2136 ubi
584 2069 798 2136 Numidarum
825 2072 1063 2136 circumuentus
1089 2071 1175 2156 equi·

156 2164 241 2243 tatu,
263 2159 391 2244 perdito
416 2161 569 2244 exercitu,
592 2159 716 2225 cecidit.

223 2248 275 2313 41.
304 2246 490 2314 Melanthus
510 2249 574 2313 dux
592 2247 853 2332 Atheniensium,
877 2270 950 2313 eum
972 2252 1173 2332 prouocatus

157 2358 176 2400 a
190 2357 266 2422 rege
278 2337 422 2403 hostium
431 2336 565 2403 Xantho
579 2337 716 2404 Boeotio
729 2335 949 2402 descendisset
963 2336 1004 2400 ad
1018 2357 1174 2421 pugnam,

103 2440 138 2490 25
156 2428 194 2489 ut
216 2425 356 2510 primum
381 2428 560 2492 comminus
585 2427 690 2511 stetit,
713 2423 856 2510 ‘inique',
878 2425 999 2510 inquit,
1022 2424 1173 2508 ‘Xantha

157 2519 190 2579 et
213 2519 327 2585 contra
348 2518 481 2599 paetum
503 2514 595 2580 facis:
620 2515 775 2580 aduersus
799 2514 905 2580 solum
924 2514 1010 2578 enim
1029 2535 1102 2579 cum
1127 2515 1173 2577 al-

156 2608 227 2668 tero
250 2602 464 2689 processisti?
509 2625 645 2689 eumque
669 2603 847 2669 admiratus
871 2604 939 2687 ille,
965 2604 1114 2688 quisnam
1139 2624 1173 2666 se

157 2693 380 2775 comitaretur,
412 2694 621 2777 respexisset,
654 2714 805 2757 auersum
834 2713 900 2757 uno
929 2692 998 2757 ictu
1026 2692 1174 2757 confecit.

223 2782 275 2845 42.
303 2781 483 2865 Iphicrates
510 2781 722 2846 Atheniensis
746 2780 786 2845 ad
806 2779 1077 2860 Cherronessum,
1101 2801 1174 2844 cum

229 3015 243 3064 1
263 3009 399 3078 planicies
418 3010 438 3065 d
463 3011 467 3077 1
493 3015 509 3063 3
527 3008 666 3064 hilerdam
690 3009 741 3077 ΡΙ
764 3013 781 3062 4
798 3007 969 3078 repetiturus
987 3009 1006 3064 d
1051 3006 1174 3063 omoni-

157 3081 193 3135 tis
207 3081 242 3135 H
256 3081 366 3136 montes
381 3080 428 3149 ΡΙ
445 3087 460 3135 7
476 3079 525 3149 qui
538 3078 598 3134 uiso
612 3078 656 3134 H¹
670 3096 740 3149 quos
758 3077 833 3134 uisos
850 3080 868 3135 t
884 3081 921 3149 18
940 3078 1000 3149 ipse
1066 3077 1069 3149 t
1091 3084 1108 3133 9
1126 3095 1174 3147 pe-

157 3151 251 3208 ditatu
270 3182 303 3192 -
322 3151 427 3222 partim
445 3168 496 3207 om.
515 3150 581 3217 H¹l
605 3156 638 3204 10
656 3149 810 3222 equitibus]
830 3149 1011 3217 sequentibus
1029 3150 1061 3204 H
1076 3149 1081 3220 l
1101 3150 1174 3204 inor·

157 3223 270 3277 dinatus
290 3223 342 3289 ΗΙ
360 3228 392 3278 16
411 3240 492 3278 exam
505 3222 540 3276 H
542 3221 550 3252 ¹
566 3224 571 3289 l
588 3227 621 3276 17
640 3222 671 3274 in
689 3220 793 3277 africae
806 3221 852 3290 ΡΙ
869 3226 903 3275 20
922 3221 1074 3276 sabborum
1087 3221 1119 3275 H
1132 3238 1175 3276 sa·

157 3294 257 3348 boram
275 3293 321 3361 ΡΙ
338 3293 453 3349 deuenit
470 3293 515 3359 H,
532 3293 581 3348 sed
597 3292 652 3348 deu
669 3294 702 3348 ta
718 3307 773 3347 raa
792 3291 881 3362 ttae
899 3290 1039 3347 Melantus
1059 3291 1088 3345 P
1111 3299 1115 3356 Ι
1140 3298 1175 3347 24

156 3365 243 3419 xanto
265 3363 293 3418 P
316 3369 320 3429 Ι
345 3365 440 3420 boetio
460 3365 519 3421 011
524 3364 552 3417 P
575 3367 580 3431 Ι
610 3369 644 3418 25
668 3365 726 3418 stet
744 3362 806 3418 011
827 3364 931 3432 {xanta
950 3362 995 3431 ΡΙ
1018 3369 1052 3418 26
1071 3362 1176 3418 facisd

157 3434 235 3504 pacis
256 3433 316 3490 OH
321 3435 349 3488 P
384 3437 532 3491 aduersum
543 3433 585 3503 Ol
602 3434 678 3490 solus
692 3434 736 3489 H1
752 3435 757 3503 Ι
773 3438 807 3488 at
823 3450 852 3488 se
871 3449 921 3487 om.
940 3432 975 3486 H
978 3434 988 3464 ¹
1004 3435 1009 3502 Ι
1025 3438 1059 3489 28
1073 3434 1174 3489 comit-

153 3507 266 3558 teretur
280 3505 350 3560 ΗΡ
390 3514 423 3562 29
443 3507 654 3562 cherronessum
672 3506 708 3559 H
723 3520 913 3560 cerronessum
934 3503 962 3557 P
