2468 3832
150 129 194 194 82
360 127 436 184 IULI
453 126 632 183 FRONTINI
651 125 973 182 STRATEGEMATON
1091 164 1093 166 v

250 377 285 432 X.
314 377 347 432 SI
366 375 435 431 RES
453 374 589 431 DURIUS
609 375 794 444 cassalun,
813 375 862 430 DE
880 374 1061 430 ADVERSIS

531 463 783 520 EMENDANDIS.
822 513 824 516 .

183 611 246 677 ..1.
284 609 321 675 Τ.
344 609 460 675 Didius
487 609 521 674 in
549 608 725 693 Hispania,
756 630 829 673 cum
857 609 1014 674 acerrimo
1042 610 1168 694 proelio

150 699 357 783 conflixisset,
376 698 462 784 quod
476 720 541 764 nox
556 697 743 782 diremerat,
762 718 883 783 magno
901 718 1036 763 numero
1057 699 1168 764 utrim-

113 803 211 874 5que
235 809 328 854 caeso
348 787 515 873 complura
538 807 671 852 snorum
696 807 834 871 corpora
856 786 944 851 intra
965 790 1096 852 noctem
1121 810 1168 854 se·

147 876 300 963 pelieuda
323 876 456 941 curauit.
501 873 642 960 Hispani
668 879 800 959 postero
824 875 876 939 die
900 875 941 939 ad
965 875 1071 942 simile
1094 876 1169 942 offi-

148 967 234 1032 cium
256 964 436 1050 progressi,
459 963 536 1048 quia
559 965 667 1049 plures
687 963 892 1048 exipsorum
910 985 1045 1031 numero
1069 987 1168 1051 quam

148 1078 187 1120 ex
202 1052 360 1120 Romanis
375 1073 486 1120 caesos
500 1054 720 1138 reppererant,
735 1052 840 1118 uictos
856 1074 890 1118 se
905 1074 975 1118 esse
990 1053 1167 1119 secundum

147 1165 220 1208 eam
243 1141 536 1208 dinumerationem
560 1141 792 1227 argumentati,
815 1141 857 1206 ad
880 1141 1083 1208 condiciones
1106 1142 1167 1207 im·

96 1231 309 1318 reparatoris
334 1230 578 1296 descenderunt.
1032 1303 1036 1309 p

215 1321 245 1387 2.
281 1319 316 1384 Τ.
334 1318 477 1385 Marcius
502 1339 599 1405 eques
622 1317 805 1403 Romanus,
827 1319 884 1403 qui
906 1318 1052 1405 reliquiis
1076 1340 1167 1384 exer·

147 1410 231 1475 citus
254 1406 410 1494 praefuit,
439 1428 511 1472 cum
534 1407 570 1472 in
596 1407 780 1492 propinquo
807 1407 885 1473 bina
914 1411 1020 1474 castra
1042 1406 1167 1474 Poeno·

146 1519 218 1563 rum
237 1496 351 1582 paucis
369 1494 502 1561 milibus
520 1516 676 1579 passuum
699 1495 872 1581 distarent,
892 1497 1082 1562 cohortatus
1106 1495 1168 1562 nri-

146 1585 222 1650 lites
245 1585 395 1670 proxima
419 1587 527 1649 castra
549 1585 745 1668 intempesta
769 1588 866 1650 nocte
890 1585 1021 1651 adortus
1046 1588 1109 1669 est3
1133 1589 1167 1651 et

95 1688 128 1738 rs
147 1695 220 1740 cum
239 1673 369 1738 hostem
387 1671 545 1740 uictoriae
568 1673 686 1738 fiducia
708 1674 963 1758 incompositum
991 1673 1166 1760 adgressus

146 1784 188 1828 ne
206 1762 339 1827 nuntios
363 1761 490 1846 quidem
515 1761 615 1827 cladis
637 1761 841 1848 reliquisset,
868 1761 1060 1828 breuissimo
1085 1765 1167 1828 tem·

144 1872 224 1938 pore
247 1850 347 1918 militi
369 1850 409 1916 ad
431 1849 577 1935 requiem
600 1850 690 1936 dato,
714 1851 826 1916 eadem
851 1855 947 1917 nocte
974 1850 1095 1936 raptim
1118 1852 1169 1916 fa-

146 1963 234 2006 mam
261 1940 309 2004 rei
337 1942 449 2024 gestae
473 1959 684 2025 praegressus
713 1938 818 2005 altera
851 1940 1025 2005 eorundem
1057 1942 1168 2006 castra

146 2029 280 2095 inuasit:
307 2029 356 2093 ita
382 2028 434 2092 bis
459 2028 560 2093 simili
583 2050 661 2093 usus
690 2031 823 2113 euentu,
851 2027 966 2094 deletis
988 2028 1166 2114 utrubique

93 2131 128 2180 20
146 2116 280 2201 Poenis,
304 2116 441 2182 amissas
464 2117 585 2202 populo
609 2115 760 2182 Romano
784 2115 964 2201 Hispanias
987 2117 1143 2183 restituit.

204 2360 252 2416 XI.
280 2359 329 2413 DE
347 2358 542 2416 DUBIORUM
560 2358 689 2415 ANIMIS
707 2359 747 2414 IN
765 2360 851 2416 FIDE
870 2359 1099 2430 narnensem.

215 2508 243 2572 1.
271 2504 307 2571 Ρ.
320 2503 471 2571 Valerius
494 2505 654 2591 Epidauri
681 2505 802 2571 timens
832 2505 1067 2594 oppidanorum
1095 2528 1167 2591 per-

146 2595 272 2679 fidiam,
295 2594 372 2679 quia
389 2616 504 2679 parum
523 2594 679 2679 praesidii
697 2595 854 2678 habebat,
878 2595 1046 2680 gymnicos
1069 2596 1165 2661 ludos

145 2685 258 2768 procul
283 2684 323 2748 ab
348 2683 428 2748 urbe
452 2684 637 2768 apparauit:
660 2706 723 2770 quo
743 2707 816 2752 cum
835 2684 942 2750 omnis
964 2684 1034 2750 fere
1055 2683 1191 2750 multi·'

92 2787 126 2835 25
145 2773 225 2837 tudo
250 2771 419 2856 spectandi
443 2793 540 2837 causa
563 2773 695 2855 exisset,
723 2773 840 2837 clausit
867 2776 980 2857 portas
1005 2795 1065 2839 nec
1089 2776 1166 2838 ante

218 3005 231 3054 1
253 2999 349 3054 durius
368 3000 387 3054 d
409 3014 543 3070 prospere
564 2998 673 3054 GHP:
691 2999 726 3066 cf.
741 3016 771 3069 p.
791 3004 872 3068 39,1
897 3003 901 3066 Ι
929 3000 1085 3056 essessa
1103 3017 1166 3071 ges·

145 3071 215 3126 serit
233 3070 298 3125 ΗΡ
317 3073 321 3138 Ι
351 3076 368 3124 4
387 3069 534 3125 dirimeret
554 3068 658 3138 GHP,
676 3085 745 3126 corr.
765 3072 784 3126 d
808 3071 813 3142 Ι
836 3077 867 3125 11
887 3070 918 3126 Τ.
933 3072 1031 3127 GHP
1045 3069 1075 3127 L.
1091 3071 1167 3128 edd..-

145 3143 180 3210 of.
197 3159 225 3211 p.
246 3147 295 3210 72,
312 3141 394 3199 ΒΜ
410 3141 499 3210 praef.
518 3140 540 3212 5
557 3145 593 3196 11
610 3143 615 3210 Ι
630 3138 757 3210 reliquiis
777 3142 915 3198 exercitus
933 3142 992 3199 GP
1006 3141 1081 3198 inter
1099 3139 1166 3196 reli·

145 3213 225 3281 quiae
250 3212 386 3269 exercitui
403 3212 457 3281 H}
472 3211 609 3267 exercitus
628 3212 747 3267 duorum
766 3211 928 3283 Scipionum
947 3212 1166 3283 praefueras:

54 3322 57 3328 -
143 3285 178 3350 cf.
189 3300 220 3353 p.
236 3288 283 3352 72,
298 3290 336 3340 21
353 3285 357 3353 Ι
375 3284 529 3338 lthcstem
546 3282 577 3338 in
590 3282 626 3338 H
638 3285 643 3352 Ι
661 3288 693 3338 19
713 3283 864 3354 utrobique
884 3283 931 3353 ΡΙ
947 3282 1165 3353 20p0puloRo-

144 3369 227 3409 mano
246 3357 266 3410 d
283 3355 450 3425 populorum
470 3353 582 3424 θΗΡΙ
610 3355 742 3425 hispania
755 3354 791 3409 H
807 3357 812 3424 1
840 3360 875 3409 21
894 3355 924 3409 in
941 3352 1069 3409 fidomG
1093 3355 1098 3422 Ι
1129 3359 1164 3409 23

143 3424 290 3494 gymnicus
307 3427 494 3495 luduslr124
512 3425 645 3507 apparuit
664 3424 730 3482 GH
743 3427 747 3498 l
762 3425 829 3487 feris
845 3424 890 3481 Η1
907 3429 962 3494 125
981 3424 1066 3481 clusit
1080 3425 1146 3480 GH
1159 3425 1164 3498 Ι

143 3496 210 3551 ante
229 3496 344 3551 admisit
361 3497 390 3552 P
405 3498 490 3553 antea
507 3495 617 3552 dimisit
634 3496 700 3552 GH
713 3497 743 3552 in
762 3513 810 3553 eas
829 3497 894 3553 ante
913 3496 1029 3565 admisit
1046 3498 1066 3553 d
