2468 3832
411 155 519 212 LIBER
536 156 585 210 ΠΙ.
614 154 692 211 cAP.
712 161 808 212 a-ro.
1052 153 1117 219 103

123 370 157 426 X.
184 370 233 425 Da
252 367 499 425 DlSPONENDIS
518 365 678 436 INSIDIIS,
697 366 738 422 IN
757 367 853 434 QUAS
871 367 1095 424 ELICIANTUH

530 455 684 512 OBSESSI.

173 589 199 651 1.
224 583 306 651 Cato
325 587 361 650 in
379 589 554 669 conspeetu
572 582 818 668 Lacetanorum,
837 607 918 669 quos
937 585 1117 666 obsidebat,

103 675 235 758 reliquis
255 697 386 740 suorum
409 675 593 757 summotis,
617 673 874 758 Suess<et>ancs
898 674 1055 759 quosdam
1079 696 1118 739 ex

103 763 313 829 auxiliaribus
346 763 484 828 maxime
515 763 652 829 inbelles
683 763 817 848 adgredi
849 763 978 829 moenia
1009 763 1153 834 iussittc

103 851 163 917 hos
187 873 259 917 cum
278 852 366 919 facta
384 853 551 937 eruptione
569 851 725 917 Lacetani
747 851 844 916 facile
867 853 1063 917 auertissent
1086 856 1118 918 et

103 939 265 1026 fugientes
289 941 383 1007 auide
406 941 543 1007 insecuti
561 944 678 1019 essent,
700 940 766 1005 illis
790 963 871 1024 quos
896 942 1119 1007 occultauerat

102 1030 223 1096 coortis
247 1030 402 1114 oppidum
426 1029 520 1113 oepit.

171 1120 200 1183 2.
232 1117 268 1182 L.
292 1118 400 1201 Scipio
423 1120 458 1183 in
481 1116 645 1202 Sardinia,
668 1117 834 1183 cuiusdam
858 1118 1001 1183 ciuitatis
1024 1118 1117 1202 <pro-

102 1211 301 1290 pugnatores
320 1211 358 1272 ut
372 1207 511 1290 eliceret,
534 1205 629 1288 cum>
644 1210 737 1292 parte
757 1207 906 1289 militum,
929 1207 1042 1272 relicta
1061 1229 1116 1292 op·
1138 1225 1171 1274 10

103 1295 303 1380 pugnatione
327 1317 424 1379 quam
447 1295 656 1379 instruxerat,
680 1295 822 1380 speciem
844 1296 999 1381 fugientis
1025 1317 1118 1380 prae·

103 1385 202 1448 stitit:
225 1385 443 1468 inseoutisque
466 1388 587 1449 temere
607 1385 778 1468 oppidanis
802 1406 860 1468 per
883 1406 953 1468 eos,
977 1406 1058 1470 quos
1082 1385 1116 1450 in

101 1473 249 1556 proximo
280 1474 514 1553 occultauerat,
537 1473 691 1558 oppidum
714 1475 843 1539 inuasit.

169 1562 201 1629 3.
230 1561 415 1645 Hannibal,
446 1584 519 1629 cum
548 1563 712 1628 obsideret
742 1565 911 1629 ciuitatem
937 1560 1118 1647 Himeram,

103 1655 210 1715 castra
229 1673 288 1716 sua
306 1651 378 1735 capi
396 1651 434 1716 de
453 1651 614 1716 industria
631 1673 747 1734 passus
768 1656 826 1734 est,
849 1652 946 1718 iussis
969 1653 1117 1717 recedere
1137 1668 1170 1718 15

101 1737 235 1822 Poenis,
263 1742 433 1823 tamquam
455 1740 660 1822 praeualeret
681 1739 800 1805 bostis:
831 1762 894 1823 quo
917 1745 1036 1805 euentu
1059 1740 1118 1806 Hi-

102 1829 239 1893 meraeis
272 1828 319 1892 ita
352 1827 507 1910 deceptis,
540 1830 577 1891 ut
603 1826 724 1911 gaudio
751 1829 874 1912 inpulsi
903 1828 1016 1893 relicte
1039 1829 1118 1893 urbe

102 1919 331 1999 procurrerent
358 1914 399 1980 ad
426 1914 585 1980 Punicum
616 1916 755 1999 uallum,
784 1915 951 1981 Hannibal
981 1938 1117 1982 uacuam

103 2005 216 2068 urbem
239 2026 297 2088 per
321 2025 391 2088 eos,
414 2025 495 2088 quos
518 2004 553 2068 in
576 2003 704 2069 insidiis
727 2004 768 2070 ad
791 2005 875 2070 hanc
898 2006 1003 2089 ipsam
1027 2027 1118 2071 occa-

104 2091 229 2174 sionem
252 2096 417 2177 posuerat,
440 2093 536 2177 cepit.
1137 2113 1171 2162 20

170 2183 201 2247 4.
232 2180 332 2263 Idem,
355 2186 392 2247 ut
416 2180 616 2267 Saguntinos
639 2182 777 2264 eliceret,
799 2205 875 2249 rara
898 2184 967 2250 acie
986 2185 1027 2248 ad
1050 2208 1117 2250 mu·

102 2290 157 2335 ros
181 2271 336 2335 accedens
360 2271 401 2336 ad
423 2272 563 2355 primam
588 2272 786 2356 eruptionem
816 2273 1053 2357 oppidanorum
1077 2274 1118 2339 si·

101 2359 226 2424 mulata
248 2360 327 2446 fuga
350 2362 447 2426 cessit
469 2360 730 2445 interpositoque
759 2363 902 2428 exercitu
931 2363 972 2427 ab
997 2362 1118 2447 oppido

102 2447 295 2514 interclusos
319 2471 338 2513 a
362 2450 428 2515 suis
451 2450 564 2514 hostes
587 2449 622 2513 in
646 2450 750 2515 medio
773 2451 959 2516 trucidauit.

171 2538 200 2601 5.
230 2537 373 2603 Himilco
388 2536 669 2622 Carthaginiensis
688 2538 773 2622 apud
787 2537 1004 2624 Agrigentum
1027 2539 1118 2604 iuxta
1137 2554 1171 2604 25

104 2624 258 2708 oppidum
277 2631 406 2707 partem
425 2627 589 2710 copiarum
608 2626 642 2690 in
664 2626 791 2691 insidiis
810 2629 922 2710 posuit
940 2630 1119 2712 praecepit-

176 2824 189 2870 1
202 2817 230 2870 in
241 2833 291 2871 om.
306 2816 341 2871 H
367 2817 371 2890 Ι
389 2817 423 2872 de
442 2815 551 2872 insidiis
569 2834 619 2887 per
633 2834 704 2886 quas
713 2835 744 2887 p.
762 2823 809 2887 89,
824 2824 842 2873 6
858 2821 863 2888 Ι
878 2825 894 2874 2
915 2820 1033 2874 obsessis
1052 2820 1096 2874 H¹
1113 2821 1116 2891 l

104 2895 119 2942 3
140 2887 168 2943 Ο.
189 2887 258 2942 Cato
280 2888 326 2959 ΡΙ
348 2893 365 2942 4
384 2905 532 2943 suessanos
550 2889 624 2957 ΗΡ,
643 2907 690 2944 em.
712 2890 797 2945 Grou.
816 2907 850 2944 eo
868 2891 934 2945 Liu.
954 2896 999 2958 34,
1017 2895 1057 2947 20
1072 2893 1077 2961 Ι
1103 2898 1117 2946 7

103 2959 238 3029 fugientis
258 2959 302 3028 ΡΙ
327 2975 397 3028 quas
415 2962 455 3026 d!
478 2967 494 3014 8
514 2958 617 3016 coortis
636 2962 655 3015 d
674 2959 796 3016 cohortis
814 2962 848 3015 H
850 2963 895 3031 ΡΙ
917 2961 975 3016 illis
994 2978 1064 3031 quas
1084 2993 1119 3003 —

103 3030 265 3086 cohortibus
284 3032 343 3114 edd.
362 3031 422 3086 coll.
442 3031 505 3086 Isiu.
524 3035 622 3115 34420
645 3035 649 3099 Ι
670 3038 686 3086 9
704 3038 927 3116 propugnatpres
945 3035 978 3086 ut
996 3033 1119 3102 eliceret,

102 3104 343 3255 lileshulla*
355 3173 360 3243 ι
370 3108 410 3228 ¹1⁰³
422 3103 819 3242 hildibaldus?
830 3104 1120 3247 diluistis}

104 3246 273 3299 cumsrderet
281 3244 317 3298 H
319 3244 327 3276 ¹
343 3250 346 3307 Ι
362 3244 517 3299 hiemarum
535 3244 570 3299 H
572 3245 617 3312 ΡΙ
634 3251 668 3300 16
681 3245 762 3314 ponis
771 3246 805 3299 H
808 3247 815 3276 ¹
832 3251 836 3311 1
852 3245 1017 3300 hiemeraeis
1035 3247 1115 3318 HP1

105 3320 137 3368 17
153 3313 288 3385 deceptus
302 3315 367 3388 H¹1
385 3320 417 3370 18
431 3315 538 3371 uallum
558 3320 608 3384 (ua
621 3318 654 3371 in
666 3321 735 3384 ros.)
748 3317 782 3370 H
794 3317 800 3386 Ι
815 3322 848 3371 21
870 3317 1052 3388 Saguntinos]
1071 3317 1119 3373 Se·

104 3388 237 3452 gestanos
255 3387 414 3442 Rubenius.-
432 3388 467 3453 ef.
483 3389 575 3456 praef.
593 3387 615 3459 ἕ
635 3391 669 3441 11
686 3390 690 3454 Ι
707 3387 825 3456 eligeret
842 3388 878 3443 H
899 3391 903 3454 Ι
928 3394 962 3442 22
982 3389 1118 3444 accedens

104 3457 162 3510 cdd.
182 3458 354 3512 adscendens
363 3457 398 3512 Η
404 3459 430 3511 Ρ
444 3460 449 3528 Ι
465 3463 499 3512 25
519 3458 740 3529 carthaginensis
749 3458 784 3513 H
797 3461 802 3529 Ι
817 3466 852 3514 26
870 3459 981 3529 piarum
992 3490 1026 3502 -
1039 3475 1119 3529 pree-

104 3526 235 3596 cepitque
253 3529 298 3582 his
316 3545 366 3584 om.
384 3528 429 3583 H²
