2468 3832
166 183 208 246 58
369 181 446 237 IULI
463 180 643 237 FRONTINI
661 179 985 237 STRATEGEMATON

530 376 564 430 V.
592 374 640 430 DE
658 375 814 432 INSIDIIS.

235 507 262 570 1.
286 505 453 586 Romulus,
471 525 530 587 per
550 503 695 568 latebras
715 503 883 586 copiarum
901 506 996 588 parte
1016 503 1183 587 disposita,

166 617 239 659 cum
272 593 314 659 ad
345 592 483 657 Fidenas
521 593 725 675 accessisset,
762 592 914 656 simulata
949 591 1029 677 fuga
1062 597 1183 658 temere

165 683 276 749 hostes
300 683 462 747 insecutos
487 702 524 746 eo
548 680 711 764 perduxit,
733 681 789 745 ubi
813 681 956 746 occultos
980 681 1102 747 milites
1125 681 1181 745 ha-

131 788 146 836 5
165 772 273 855 bebat,
292 771 347 855 qui
360 770 501 853 undique
515 768 623 835 adorti
641 769 759 834 effusos
775 773 808 833 et
825 769 974 835 incautos
989 769 1182 835 ceciderunt.

234 861 263 925 2.
288 856 324 934 Q.
337 857 458 923 Fabius
477 856 640 922 Maximus
660 857 783 940 consul,
802 857 923 923 auxilio
944 857 1085 924 Sutrinis
1105 859 1183 923 mis-

166 971 221 1013 sus
250 948 404 1012 aduersus
432 946 603 1031 Etruscos,
631 967 744 1011 omnes
772 946 918 1012 hostium
947 948 1057 1031 copias
1084 947 1117 1010 in
1148 969 1182 1010 se

166 1037 341 1119 conuertit;
373 1035 486 1100 deinde
520 1034 674 1100 simulato
708 1035 825 1099 timore
852 1035 888 1099 in
916 1036 1081 1120 superiora
1111 1036 1183 1100 loca

166 1125 257 1190 uelut
286 1124 415 1209 fugiens
447 1124 581 1188 recessit
612 1123 776 1206 effuseque
805 1123 980 1189 subeuntes
1009 1123 1182 1209 adgressus

115 1232 147 1281 10
166 1235 232 1279 non
261 1213 328 1278 acic
355 1215 484 1277 tantum
514 1211 696 1296 superauit,
728 1210 784 1276 sed
812 1213 912 1278 otiam
940 1213 1057 1278 castris
1085 1214 1182 1278 exuit.

232 1302 262 1369 3.
287 1300 495 1385 Sempronius
519 1299 684 1366 Gracchus
709 1300 864 1366 aduersus
888 1298 1069 1366 Celtiberos
1093 1305 1183 1366 metu

166 1390 319 1455 simulato
344 1389 505 1454 continuit
528 1389 717 1475 exercitum3
742 1389 861 1454 omissa
883 1389 999 1455 deinde
1016 1394 1182 1455 armatura

165 1480 243 1562 leui,
267 1500 349 1562 quae
372 1477 501 1542 hostem
521 1477 696 1543 lacesseret
714 1499 753 1542 ac
771 1479 886 1543 statim
904 1478 1019 1562 pedam
1038 1478 1183 1560 referret,

167 1567 318 1631 euocauit
348 1566 474 1630 hostes:
506 1566 621 1631 deinde
650 1567 853 1632 inordinatos
881 1567 1051 1654 adgressus
1081 1589 1182 1653 usque

115 1672 148 1720 15
167 1677 205 1721 eo
229 1655 356 1738 cecidit,
380 1657 417 1719 ut
440 1654 540 1720 ctiam
564 1659 672 1720 castra
695 1660 834 1738 caperet.

232 1746 262 1808 4.
298 1742 335 1811 L.
357 1743 509 1809 Metellus
537 1744 649 1811 consul
676 1743 711 1808 in
739 1742 851 1809 Sicilia
877 1744 1000 1809 bellum
1028 1746 1181 1810 aduersus

165 1832 404 1898 Hasdrubalem
434 1853 564 1917 gerens,
594 1832 636 1898 ob
664 1832 831 1917 ingentem
858 1834 926 1898 eius
951 1835 1126 1898 exercitum
1149 1836 1182 1897 et

165 1921 285 1987 CXXX
308 1921 497 2006 elephantos
520 1921 689 2003 intentior,
713 1921 866 1986 simulata
889 1921 1071 1987 diffidentia
1093 1921 1182 1985 intra

164 2009 387 2075 Panhormum
415 2011 525 2094 copias
550 2010 657 2074 tenuit
679 2009 866 2094 fossamque
890 2011 1031 2096 ingentis
1055 2011 1182 2095 magni-

112 2116 146 2164 20
165 2099 287 2162 tudinis
312 2102 388 2162 ante
412 2098 565 2162 seduxit.
602 2102 774 2182 conspecto
798 2099 914 2163 deinde
937 2100 1080 2165 exercitu
1097 2098 1180 2164 Has-

166 2186 324 2269 drubalis,
348 2186 404 2270 qui
427 2187 461 2250 in
483 2187 590 2270 prima
608 2186 678 2251 acie
696 2187 887 2270 elephantos
910 2187 1066 2272 habebat,
1089 2208 1181 2270 prae·

165 2274 252 2358 cepit
278 2275 434 2358 hastatis,
460 2274 528 2339 tela
551 2276 585 2338 in
608 2275 721 2340 beluas
744 2276 887 2340 iacerent
908 2276 1122 2359 protinusque
1146 2297 1181 2339 se

165 2363 252 2428 intra
275 2363 476 2428 munimenta
499 2364 686 2447 reciperent.
733 2385 771 2428 ea
793 2362 1014 2429 ludificatione
1037 2367 1179 2427 rectores

165 2452 411 2536 elephantorum
440 2452 595 2517 concitati
627 2452 662 2516 in
693 2452 801 2535 ipsam
831 2451 955 2517 fossam
987 2451 1180 2536 elephantos

112 2545 317 2627 abegerunt:
353 2561 416 2626 quo
448 2544 486 2606 ut
512 2540 653 2625 primum
681 2541 776 2606 inlati
803 2544 893 2627 sunt,
923 2541 1045 2625 partim
1072 2540 1181 2604 multi-

164 2630 276 2695 tudine
307 2630 447 2694 telorum
480 2629 632 2712 confecti,
667 2629 788 2713 partim
820 2634 909 2696 retro
941 2630 976 2696 in
1008 2651 1084 2694 suos
1117 2628 1182 2692 acti

165 2722 271 2782 totam
295 2719 396 2783 aciem
419 2717 643 2783 turbauerunt.
684 2721 762 2782 tunc
783 2717 950 2803 Metellus,
975 2719 1061 2784 hanc
1084 2737 1180 2801 oppe-

166 2807 252 2871 riens
277 2807 493 2890 occasionem,
517 2828 591 2871 cum
612 2809 684 2871 toto
708 2807 853 2872 exercitu
871 2808 981 2892 erupit
998 2812 1031 2871 et
1050 2806 1179 2890 adgres-

166 2917 221 2960 sus
250 2918 269 2960 a
296 2896 397 2960 latere
425 2895 551 2960 Poenos
583 2894 701 2960 cecidit
731 2895 877 2981 ipsisque
905 2897 969 2978 [ut]
998 2894 1180 2979 elephantis

111 3001 145 3049 30
163 2984 288 3069 potitus
312 2987 370 3048 est

236 3130 252 3177 3
271 3122 407 3177 fidenates
420 3123 452 3177 le:
469 3122 516 3178 sed
530 3122 565 3189 cf.
580 3123 646 3177 Liu.
660 3127 688 3189 1,
702 3126 737 3177 14
753 3123 757 3190 Ι
777 3129 795 3177 4
813 3122 974 3192 perduxerit
984 3122 1020 3177 H
1032 3125 1037 3189 Ι
1053 3128 1070 3176 5
1084 3123 1179 3175 incau-

163 3197 208 3250 tos
224 3194 270 3261 (in
283 3195 315 3248 in
328 3193 482 3263 ras.b)Hl
498 3198 515 3247 6
530 3193 585 3260 Qui
598 3193 633 3248 H
647 3199 712 3248 nato
725 3210 780 3249 raa
797 3197 801 3262 Ι
818 3193 879 3249 Sin
893 3193 1035 3261 superiore
1049 3191 1111 3246 loco
1127 3191 1162 3245 H

165 3272 198 3319 11
218 3263 399 3335 sympronius
413 3264 449 3318 H
465 3267 470 3333 Ι
493 3280 611 3334 graccus
627 3264 673 3334 ΡΙ
700 3270 733 3319 13
751 3265 891 3320 lacessaet
908 3264 953 3319 Η1
970 3263 1154 3319 lacessaretb

166 3341 199 3390 16
214 3334 244 3389 L.
255 3335 313 3390 Ser.
334 3334 366 3401 Q.
376 3335 412 3390 H
414 3335 455 3389 P:
468 3336 503 3403 cf.
518 3341 545 3404 1,
555 3340 608 3401 7,1
625 3337 630 3404 Ι
653 3341 687 3390 17
706 3334 899 3391 hastrubalem
911 3335 947 3389 H
959 3336 963 3403 Ι
981 3339 1014 3388 19
1028 3332 1181 3403 phanthor·

164 3423 241 3460 mum
258 3406 537 3488 HpanormumPl
558 3412 592 3462 20
611 3405 782 3463 hastrubalis
800 3406 857 3474 ΗΙ
877 3410 913 3460 23
932 3421 967 3460 ea
997 3407 1027 3459 et
1045 3421 1060 3458 a
1078 3404 1124 3471 ΡΙ
1146 3409 1179 3460 25

163 3476 321 3544 inlaqueat
334 3479 353 3532 d
368 3477 372 3549 Ι
389 3477 570 3534 multitudine
585 3478 714 3534 Herelius
737 3475 932 3547 magnitudine
983 3474 1012 3528 P
1033 3491 1138 3544 magna
1152 3476 1181 3529 ui

154 3545 225 3599 Oua(
250 3547 398 3616 grandine
418 3548 503 3606 Gom
523 3551 528 3618 Ι
551 3555 586 3606 29
605 3552 638 3604 ut
654 3550 743 3606 delmi
761 3551 790 3605 et
808 3549 866 3604 edd.
