2468 3832
448 126 557 181 LIBER
575 127 596 182 I.
624 125 702 182 cAP.
721 134 746 182 8.
924 80 927 87 ⁴
1065 127 1107 191 27

90 289 417 375 Carthaginiensibus
440 289 584 354 habebat
607 289 838 374 consiliumque
861 291 930 355 eius
952 291 1106 356 aduersus

90 379 258 444 Romanos
276 378 468 461 instruebat,
487 378 608 443 crebris
628 399 701 442 cum
720 377 916 442 Hannibale
926 380 1106 464 conloquiis

90 468 280 548 effecerunt,
303 470 340 531 ut
361 466 390 530 is
413 466 483 550 regi
506 466 598 531 fieret
618 470 800 550 suspectus,
824 468 875 532 cui
899 469 1106 553 gratissimus

92 557 239 640 alioquin
262 558 295 620 et
318 555 406 620 utilis
426 558 495 619 erat
517 557 651 641 propter
669 554 882 621 calliditatem
902 559 935 620 et
953 558 1106 640 peritiam

90 644 243 709 bellandi.
1126 661 1142 710 5

158 734 187 798 8.
216 731 253 808 Q.
270 730 422 797 Metellus
446 731 600 797 aduersus
622 731 818 816 Iugurtham
841 732 966 798 bellum
989 753 1106 818 gerens

90 822 209 886 missos
233 820 332 887 adse
355 821 483 905 legatos
506 822 575 885 eius
598 820 753 905 corrupit,
781 825 819 886 ut
847 821 910 886 sibi
934 821 1107 905 proderent

89 932 215 996 regem3
239 931 312 975 cum
335 912 369 974 et
393 910 449 974 alii
469 909 649 992 uenissent,
672 909 757 973 idem
781 909 871 993 fecit3
896 911 1010 976 eodem
1034 933 1107 976 con·

89 1000 164 1064 silio
187 1021 265 1064 usus
289 1001 395 1064 estet
419 997 574 1062 aduersus
597 997 722 1063 tertios.
770 997 826 1062 sed
840 998 888 1063 de
912 999 1105 1084 captiuitate

89 1086 266 1170 Iugurthae
289 1108 341 1151 res
364 1108 479 1170 parum
503 1084 671 1170 processit:
700 1086 812 1151 uiuum
834 1089 921 1151 enim
938 1088 1025 1152 tradi
1043 1088 1105 1152 sihi
1126 1104 1159 1152 10

89 1175 229 1240 uolebat.
274 1174 452 1257 plurimum
478 1180 588 1239 tamen
616 1178 807 1240 consecutus
835 1179 900 1240 est:
926 1198 1004 1240 nam
1032 1197 1104 1241 oum

89 1264 288 1347 interceptae
320 1262 461 1328 fuissent
493 1263 652 1347 epistulae
680 1264 748 1328 eius
777 1263 818 1328 ad
845 1264 953 1348 regios
982 1265 1104 1330 amicos

89 1352 243 1436 scriptae,
270 1351 306 1415 in
335 1352 441 1417 omnis
465 1373 520 1416 eos
543 1374 600 1417 rex
624 1352 857 1417 animaduertit
880 1353 1105 1438 spoliatusque

89 1441 232 1506 consiliis
256 1440 378 1505 amicos
402 1445 517 1525 postea
539 1463 655 1524 parare
678 1463 743 1506 non
766 1441 882 1526 potuit.

155 1530 185 1595 9.
215 1528 250 1595 O.
274 1527 407 1613 Caesar,
439 1551 497 1614 per
523 1533 694 1614 exceptum
723 1530 884 1614 quendam
914 1535 1104 1617 aquatorem
1126 1546 1158 1596 15

86 1641 160 1684 5551
186 1619 400 1703 comperisset·
421 1617 592 1682 Afranium
615 1618 841 1703 Petreiumque
870 1623 978 1685 castra
1005 1625 1103 1686 noctu

87 1711 248 1791 moturos,
285 1709 322 1770 ut
356 1706 439 1770 citra
476 1706 681 1771 uexationem
721 1728 852 1772 suorum
889 1707 1024 1773 hostilia
1058 1709 1105 1773 in-

86 1796 213 1879 pediret
236 1795 385 1877 consilia,
413 1793 509 1858 initio
533 1795 644 1858 statim
667 1794 774 1859 noctis
797 1817 878 1860 uasa
901 1796 1104 1861 conclamare

87 1884 208 1948 milites
228 1886 262 1947 et
279 1885 409 1965 praeter
429 1881 687 1947 aduersariorum
706 1885 814 1947 castra
833 1884 887 1967 agi
906 1883 1012 1948 mulos
1032 1905 1104 1948 cum

87 1971 221 2035 fremitu
249 1974 282 2036 et
310 1992 389 2035 sono
417 1970 525 2036 iussit:
555 1971 744 2036 continuere
772 1992 820 2055 se,
849 1993 929 2056 quos
959 1976 1103 2038 retentos
1123 1989 1157 2037 5ο

87 2060 233 2142 5515555,
257 2059 405 2125 arbitrati
428 2062 536 2125 castra
558 2057 730 2125 Gaesarem
753 2082 893 2126 mouere.

156 2149 206 2214 10.
239 2145 348 2232 Scipio
376 2149 550 2214 Africanus
583 2149 623 2213 ad
654 2149 844 2233 excipienda
876 2151 998 2215 auxilia
1030 2171 1103 2215 cum

86 2239 321 2302 commeatibus
349 2236 529 2303 Hannibali
560 2238 750 2321 ueni<entia
776 2237 974 2323 Min>ucium
1003 2239 1103 2304 Ther-

85 2348 175 2391 mum
199 2326 336 2408 dimisit,
354 2327 424 2410 ipse
447 2329 675 2393 subuenturus.

155 2417 205 2481 11.
233 2415 409 2499 Dionysius
434 2413 713 2499 Syracusanorum
736 2419 909 2500 tyrannus,
932 2437 1004 2481 curn
1029 2415 1155 2480 Africa

85 2504 214 2588 ingenti
246 2503 454 2568 multitudine
486 2504 654 2568 traiecturi
687 2509 796 2568 essent
823 2505 858 2567 in
886 2502 1033 2569 Siciliam
1062 2503 1103 2568 ad

85 2613 161 2655 eum
185 2591 450 2674 oppugnandum,
474 2591 610 2655 castella
633 2591 783 2674 pluribus
806 2591 887 2655 locis
912 2591 1103 2656 communiit

87 2679 340 2763 custodibusque
363 2679 543 2764 praecepit,
568 2683 605 2743 ut
629 2701 666 2742 ea
690 2678 873 2743 aduenienti
897 2680 984 2745 hosti
1009 2679 1101 2744 dede-

85 2771 160 2832 rent
183 2767 371 2853 dimissique
394 2764 570 2852 Syracusas
594 2768 718 2833 ooculte
741 2767 893 2832 redirent.
934 2768 1025 2834 Afris
1047 2790 1101 2833 ne-

159 2931 173 2978 1
194 2923 455 2996 carthaginensibus
465 2924 501 2979 H
513 2928 516 2994 1
540 2925 735 2980 351155555Η
745 2930 809 2980 cate
823 2940 892 2980 corr.
908 2925 914 2996 1
930 2925 1102 2996 45155515]

84 2994 211 3065 alloquio
226 2996 261 3050 H
273 2994 369 3066 16155
382 2996 515 3066 gurtham
528 2996 581 3066 Η1
599 3002 632 3050 10
646 2996 690 3050 iur
704 2998 824 3065 gurthae
838 2995 873 3049 H
886 3004 889 3054 Ι
907 3002 940 3049 12
955 2996 1102 3064 incoeptae

85 3068 131 3122 Ηι
147 3072 151 3137 1
168 3073 203 3121 14
222 3067 388 3123 consiliariis
402 3068 421 3122 d
436 3068 440 3136 1
458 3072 491 3121 18
506 3068 636 3139 consilia]
652 3085 716 3122 cum
730 3066 847 3122 consilio
861 3066 897 3121 H
909 3069 914 3136 1
930 3065 1103 3122 conclamari

85 3140 169 3194 1151515
187 3136 294 3193 milites
303 3137 341 3193 D.
356 3137 469 3192 Vossius
484 3137 488 3208 1
509 3143 544 3192 20
562 3155 660 3193 sonum
677 3139 724 3207 ΡΙ
740 3139 903 3193 continuare
922 3137 973 3192 eP
987 3140 991 3206 Ι
1007 3154 1036 3191 se
1051 3154 1101 3192 om.

87 3209 115 3263 P
130 3213 133 3278 1
159 3225 245 3278 equos
263 3205 298 3264 H
323 3209 349 3263 ei
368 3224 439 3277 quos
458 3209 560 3264 Hurtel
582 3212 586 3279 1
611 3215 644 3264 21
664 3208 797 3264 arbitrari
814 3209 860 3279 Ρ1
885 3226 903 3263 5
920 3224 1032 3263 caesare
1051 3209 1080 3264 Ρ
1096 3210 1099 3281 1

85 3284 120 3334 23
136 3279 290 3335 hannibale
303 3280 339 3335 H
341 3279 377 3348 P,
396 3296 444 3336 em.
457 3278 542 3334 (1555.
562 3279 722 3335 hannibalis
735 3281 755 3335 d
770 3282 774 3348 1
790 3278 934 3334 uenientia
947 3279 1101 3334 Minucium

85 3350 172 3405 Groa.
196 3350 348 3406 uentitium
363 3351 398 3405 H
401 3349 429 3404 P
446 3349 592 3406 uenientia
610 3353 667 3419 (uel
680 3353 811 3419 uentura)
825 3349 861 3405 Μ.
880 3349 949 3405 Oud.
967 3353 970 3420 1
987 3350 1103 3407 551115-

85 3420 174 3474 nisius
193 3421 266 3489 HP,
283 3424 347 3478 item
365 3423 445 3490 infra
466 3425 470 3492 1
496 3429 529 3475 27
550 3421 724 3477 communuit
741 3421 785 3475 Η1
814 3420 999 3476 communiuit
1016 3423 1047 3476 h:
1066 3424 1105 3484 ef.

81 3507 113 3562 p.
132 3494 182 3558 28,
195 3497 240 3550 18.
259 3497 304 3559 51,
319 3495 357 3563 11
377 3498 412 3547 28
431 3492 570 3549 dederunt
583 3494 615 3548 Η
631 3495 875 3561 5555555155
895 3491 1074 3550 dimissaque
1088 3485 1130 3532 'A
1225 3504 1232 3555 q·
