2468 3832
136 129 199 204 138
334 127 410 182 IULI
427 127 602 182 FHONTINI
621 127 944 183 STRATEGEMATON

134 293 323 374 citauerant,
343 291 482 374 speciem
501 290 613 375 magni
632 289 795 374 sequentis
815 289 973 354 exercitus
992 294 1153 376 moueret,

134 380 224 444 cuius
248 380 489 462 exspectatione
512 379 663 443 territum
687 378 766 442 uicit
789 378 926 443 bostem.

201 469 252 532 21.
298 467 483 551 Myronides
525 466 736 531 Atheniensis
778 466 932 531 aduersus
974 466 1151 532 Thebanos

135 557 280 639 equitatu
302 556 531 639 praeualentes
554 559 757 639 pugnaturus
776 555 810 619 in
829 555 951 639 campis
976 576 1051 619 suos
1076 555 1152 620 edo-

97 661 113 709 s
133 646 199 708 cuit
218 645 424 709 manentibus
444 665 515 708 esse
536 665 626 726 spem
647 644 791 727 aliquam
811 645 934 724 salutis,
957 643 1148 708 cedentibus

132 736 240 796 autem
261 733 458 816 pernici<em
473 731 724 813 cer>tissimamz
748 754 811 815 qua
829 733 954 796 ratione
979 731 1151 797 confirma-

131 821 175 884 tis
198 821 355 885 militibus
379 821 549 885 uictoriam
573 824 764 884 consecutus
789 825 848 885 est.

197 910 249 973 22.
282 907 317 974 Ο.
340 908 489 973 Pinarius
513 909 547 973 in
571 907 681 972 Sicilia
703 909 866 992 praesidio
888 907 1023 972 Hennae
1051 931 1148 994 prae·

131 997 271 1080 positus,
304 997 412 1062 claues
438 1002 607 1081 portarum
638 1018 718 1079 quas
746 1018 844 1080 penes
873 1018 907 1061 se
930 997 1075 1062 habebat
1097 1019 1151 1062 re-

79 1102 113 1151 10
131 1085 341 1167 poscentibus
361 1086 605 1170 magistratibus
619 1083 854 1169 Hennensium,
872 1085 959 1169 quod
977 1090 1149 1170 suspectos

132 1194 187 1239 eos
210 1177 378 1257 tamquam
400 1175 628 1239 transitionem
647 1173 687 1238 ad
705 1172 848 1238 Poenum
870 1178 1025 1257 pararent
1046 1173 1151 1241 habe·

130 1262 201 1345 bat,
223 1262 317 1346 petiit
336 1263 430 1327 unius
448 1263 554 1328 noctis
577 1262 618 1326 ad
641 1261 907 1327 deliberationem
929 1261 1071 1346 spatium
1099 1263 1151 1328 in·

131 1349 299 1435 dicataque
323 1351 482 1415 militibus
506 1351 618 1415 fraude
637 1349 845 1434 Graecorum,
869 1372 940 1415 cum
963 1352 1151 1437 praecepis-

131 1442 189 1520 set,
212 1441 249 1501 ut
271 1440 380 1520 parati
402 1442 534 1522 postera
557 1438 607 1503 die
627 1438 757 1524 signum
781 1442 1014 1522 exspectarent,
1037 1441 1149 1523 prima

77 1543 111 1591 15
130 1525 202 1589 luce
226 1525 457 1590 adsistentibus
476 1526 635 1590 militibus
654 1526 853 1592 redditurum
873 1549 908 1592 se
926 1528 1033 1592 claues
1053 1529 1150 1614 dixit,

130 1615 158 1677 si
186 1614 271 1676 idem
299 1635 410 1679 omnes
437 1613 627 1679 Hennenses
656 1616 870 1681 censuissent:
903 1616 944 1680 ob
975 1638 1046 1680 eam
1071 1639 1149 1682 cau·

130 1724 200 1766 sam
230 1703 381 1767 uniuersa
412 1703 619 1768 multitudine
647 1708 825 1769 conuocata
853 1705 888 1768 in
914 1702 1079 1769 theatrum
1111 1711 1149 1772 et

128 1790 214 1855 idem
237 1791 422 1876 flagitante,
445 1791 618 1857 manifesta
641 1791 808 1857 deficiendi
831 1793 1016 1877 uoluntate,
1047 1795 1147 1879 signo

128 1880 287 1944 militibus
311 1880 387 1945 dato
412 1883 580 1946 uniuersos
604 1880 795 1946 Hennenses
818 1881 942 1945 cecidit.
992 1942 993 1946 ,

74 1983 109 2032 20
195 1969 248 2033 23.
281 1967 459 2051 Iphicrates
493 1969 556 2033 dux
586 1969 835 2033 Atheniensium
875 1970 1012 2034 classem
1050 1991 1146 2037 suam

127 2053 242 2121 hostili
260 2056 375 2120 habitu
392 2057 548 2122 instruxit
562 2060 594 2121 et
615 2057 654 2121 ad
676 2079 831 2141 eosquos
851 2062 1019 2142 suspectos
1043 2057 1147 2124 habe-

127 2143 185 2207 bat
198 2145 355 2224 inuectus,
379 2166 451 2208 cum
466 2145 568 2209 effuso
587 2146 694 2210 studio
713 2146 924 2230 exciperetur,
943 2146 1145 2231 deprehensa

127 2251 239 2295 eorum
261 2231 397 2314 perfidia
420 2232 574 2316 oppidum
598 2234 740 2316 diripuit.

193 2320 245 2383 24.
278 2319 326 2384 Ti.
353 2317 531 2402 Gracchus,
563 2342 635 2385 cum
667 2321 821 2387 edixisset
848 2323 1008 2405 futurum,
1036 2327 1074 2387 ut
1100 2345 1143 2388 ex

72 2421 107 2470 ae
126 2408 281 2472 uolonum
314 2429 448 2472 numero
479 2406 620 2474 fortibus
653 2409 839 2482 libertatem
869 2411 974 2494 daret,
1002 2412 1141 2495 ignauos

124 2496 274 2560 crucibus
298 2496 467 2581 adfigeret,
490 2501 522 2561 et
548 2501 702 2581 quattuor
725 2499 816 2563 milia
839 2521 877 2563 ex
900 2500 968 2583 his,
992 2500 1068 2584 quia
1092 2521 1142 2564 se·

126 2585 219 2668 gnius
243 2587 478 2668 pugnauerant,
501 2590 592 2650 metu
613 2608 736 2670 poenae
750 2588 784 2650 in
799 2588 958 2671 quendam
978 2588 1142 2655 munitum

125 2673 241 2736 collem
264 2675 417 2758 coissent,
441 2673 531 2737 misit
553 2675 609 2758 qui
632 2675 679 2740 eis
702 2675 846 2741 dicerent
868 2680 975 2741 totum
1000 2675 1062 2740 sibi
1086 2698 1140 2741 ex-

195 2851 211 2898 3
229 2845 406 2901 athenienses
423 2845 490 2901 GH
493 2847 503 2878 ¹
519 2849 523 2916 Ι
540 2853 556 2901 6
570 2847 721 2918 perniciem
737 2848 921 2904 certissimam
935 2849 1060 2906 Eussner
1073 2864 1139 2918 per-

123 2914 336 2971 niciosissimam
346 2917 412 2972 GH
422 2916 687 2987 pernitiosissimum
696 2920 724 2974 P
734 2919 886 2989 perniciem
901 2937 1038 2975 summam
1048 2920 1119 2975 Ded.
1133 2921 1137 2992 Ι

123 2991 140 3040 8
160 2985 202 3058 C.]
227 2986 257 3042 L.
277 2989 336 3042 edd.
356 3006 389 3043 ex
411 2989 478 3043 aia
495 2993 542 3054 24,
560 2993 617 3059 371
638 2996 654 3044 9
672 2990 816 3046 habebant
837 2989 919 3062 GH!
939 2990 1140 3060 reponentibus

126 3055 152 3110 G
173 3059 177 3125 Ι
204 3064 237 3111 11
256 3074 376 3126 poenam
396 3059 431 3113 H
449 3063 453 3128 Ι
480 3066 512 3114 12
532 3059 616 3128 petiit
635 3062 694 3116 edd.
713 3062 787 3130 petit
806 3061 899 3116 GHP
917 3063 922 3132 Ι
948 3068 980 3116 15
1000 3061 1140 3118 militibus

122 3129 199 3182 eiecit
213 3130 232 3183 d
245 3129 459 3198 magistratibus
474 3131 544 3186 Ded.
559 3131 657 3186 multis
671 3132 786 3188 Harae.-
803 3133 850 3186 scd
863 3133 898 3199 cf.
912 3133 978 3187 Lice
989 3138 1036 3200 24,
1046 3137 1118 3198 39,1

122 3199 146 3251 si
169 3199 204 3252 H
208 3199 217 3230 ¹
238 3201 243 3267 1
269 3206 302 3254 16
325 3202 484 3255 hennenses
506 3200 532 3255 G
552 3204 557 3271 Ι
582 3203 757 3258 censuissent
775 3203 810 3256 H
832 3204 1038 3258 consensissent
1055 3203 1114 3259 Ser.

124 3274 156 3322 18
175 3271 322 3341 uoluptate
342 3272 368 3327 G
389 3275 393 3340 Ι
419 3278 452 3326 19
471 3272 631 3328 hennenses
650 3273 676 3328 G
696 3275 701 3342 Ι
725 3280 760 3328 22
779 3274 917 3343 deprensa
935 3274 970 3328 H
986 3276 991 3343 1
1016 3280 1050 3328 24
1073 3290 1139 3344 gra·

122 3337 190 3392 chus
210 3341 236 3396 G
257 3346 261 3410 Ι
287 3348 321 3398 26
344 3343 481 3412 adigeret
503 3346 532 3397 et
554 3345 614 3399 edd.
638 3343 791 3400 adficerent
815 3345 844 3398 et
865 3344 900 3398 H
922 3344 1090 3399 adficerente
1111 3346 1140 3403 G

121 3410 298 3535 pgficeretlpp
322 3413 373 3484 ΡΙ
395 3413 440 3466 his
462 3412 527 3467 GH
546 3414 581 3469 lis
602 3415 653 3483 ΡΙ
676 3415 724 3484 qui
742 3417 761 3471 d
781 3417 785 3484 Ι
810 3420 843 3469 27
862 3418 1060 3485 pugnauerunt
1078 3415 1114 3470 H
1131 3416 1135 3488 l

175 3499 229 3549 que
