2468 3832
110 122 154 186 30
315 119 390 176 IULI
407 118 586 187 FRONTINI
607 117 929 174 STRATEGEMATON

109 283 216 368 inquit
230 282 402 366 Sertorius,
422 281 653 348 ‘Romanarum
673 281 856 347 cohortium
873 302 931 365 per
948 281 1010 346 hoc
1031 283 1141 349 nobis

110 372 295 456 exemplum
318 372 466 455 ostendi,
484 371 616 436 milites:
639 370 875 455 insuperabiles
899 373 975 435 sunt
997 370 1138 437 uniuer-

110 484 164 527 sas
193 461 407 546 adgredienti3
436 460 565 525 easdem
591 459 749 525 lacerabit
777 462 810 522 et
833 462 958 544 carpet,
985 460 1045 542 qui
1073 482 1140 545 per

109 553 217 635 partes
243 546 515 633 adtemptauerit'.

74 655 90 703 5
176 641 206 704 2.
234 639 336 716 idem,
365 660 438 703 cum
462 635 586 701 uideret
609 657 685 700 suos
708 655 837 721 pugnae
862 636 994 720 signum
1015 634 1137 704 incon·

110 729 193 792 sulte
216 728 405 813 flagitantes
432 724 637 809 crederetque
664 729 818 808 rupturos
847 724 1033 810 imperium,
1062 726 1137 793 nisi

109 816 394 901 congrederentur,
417 813 567 899 permisit
588 818 714 878 turmae
739 814 883 898 equitum
903 813 944 878 ad
962 813 1135 881 lacessen-

109 904 167 968 dos
190 905 301 968 hostes
331 903 377 967 ire
405 903 631 984 laborantique
659 902 811 967 submisit
839 901 920 967 alias
951 905 984 967 et
1007 902 1056 967 sic
1079 925 1133 970 re·

108 992 194 1075 cepit
218 1014 330 1056 omnes
357 991 569 1076 tuti<u>sque
597 995 631 1056 et
658 991 726 1056 sine
754 1012 840 1055 noxa
867 990 1022 1075 ostendit,
1052 992 1135 1077 quis

56 1099 89 1146 10
109 1082 213 1145 exitus
237 1081 419 1165 flagitatam
442 1094 586 1166 pugnam
610 1080 797 1145 mansisset:
821 1079 1135 1163 obsequentissimis

109 1169 183 1233 inde
207 1169 253 1235 eis
277 1192 354 1235 usus
379 1174 437 1235 est.

175 1259 204 1323 3.
236 1258 410 1343 Agesilaus
438 1256 726 1339 Lacedaemonius,
756 1278 829 1320 cum
857 1255 1011 1321 aduersus
1038 1255 1134 1323 The-

108 1347 211 1412 banos
231 1351 339 1412 castra
357 1367 454 1428 super
472 1346 577 1428 ripam
595 1345 760 1429 posuisset
778 1344 945 1428 multoque
964 1344 1130 1415 maiorem

106 1435 250 1500 hostiurn
279 1456 408 1498 manum
438 1455 507 1499 esse
536 1433 739 1517 intellegeret
762 1437 795 1498 et
817 1433 890 1498 ideo
915 1429 999 1499 suos‘
1015 1455 1131 1501 arcere
1185 1470 1191 1479 ·

55 1540 87 1588 15
108 1545 127 1586 a
146 1522 323 1606 cupiditate
346 1521 536 1587 decernendi
559 1521 672 1604 uellet,
695 1521 777 1586 dixit
795 1542 953 1606 responso
972 1521 1069 1586 deum
1090 1546 1129 1589 se

107 1632 146 1674 ex
174 1611 310 1676 collibus
339 1632 484 1696 pugnare
515 1611 640 1675 iussum
673 1613 706 1674 et
733 1610 781 1674 ita
809 1611 924 1694 exiguo
956 1611 1128 1693 praesidio

107 1699 148 1764 ad
170 1700 274 1783 ripam
296 1702 406 1786 posito
430 1700 567 1765 accessit
589 1699 624 1763 in
647 1699 761 1764 colles:
786 1698 871 1783 quod
889 1698 1039 1764 Thebani
1061 1723 1128 1784 pro

106 1792 195 1853 metu
227 1789 435 1874 interpretati
462 1789 663 1854 transierunt
690 1789 811 1853 flumen
844 1793 890 1869 et,
923 1809 995 1852 cum
1026 1787 1128 1856 facile

105 1877 304 1962 depulissent
322 1877 533 1963 praesidium,
557 1881 682 1943 ceteros
700 1875 840 1941 insecuti
858 1876 986 1941 auidius
1005 1877 1130 1960 iniqui-

53 1982 86 2031 20
105 1971 174 2032 tate
197 1967 342 2033 locorum
367 1991 387 2032 a
408 1967 616 2052 paucioribus
639 1964 720 2031 uicti
744 1968 829 2030 sunt.

172 2056 201 2119 4.
235 2054 368 2138 Scorylc
397 2055 461 2119 dux
484 2054 660 2135 Dacorum,
688 2075 762 2118 cum
789 2053 888 2118 sciret
911 2052 1128 2121 dissociatum

105 2143 205 2206 armis
229 2143 380 2208 ciuilibus
408 2143 565 2228 populum
589 2142 774 2206 Romanum
797 2163 901 2227 neque
924 2145 1034 2206 tamen
1058 2144 1127 2210 sibi

104 2230 331 2313 temptandum
362 2232 588 2315 arbitraretur,
620 2231 697 2314 quia
730 2234 861 2296 externo
890 2231 977 2295 bello
1006 2236 1126 2314 posset

105 2319 277 2383 concordia
295 2319 424 2403 in<ter>
444 2320 531 2385 ciues
550 2320 744 2402 coalescere,
766 2319 847 2384 duos
871 2341 966 2384 canes
990 2318 1025 2383 in
1043 2340 1125 2385 con-

51 2425 84 2473 25
104 2411 216 2491 spectu
235 2408 442 2492 popularium
460 2408 625 2475 commisit
640 2408 744 2493 iisque
759 2409 913 2473 acerrime
928 2408 1013 2472 inter
1030 2408 1125 2492 ipsos

102 2498 323 2581 pugnantibus
360 2499 473 2582 lupum
511 2497 667 2581 ostendit,
703 2518 799 2580 quem
835 2497 985 2581 protinus
1022 2518 1123 2563 canas

104 2587 225 2650 omissa
247 2586 333 2652 inter
356 2609 391 2651 se
414 2588 464 2651 ira
487 2586 635 2671 adgressi
663 2591 752 2651 sunt:
781 2607 844 2670 quo
875 2585 1020 2670 exemplo
1043 2607 1124 2670 pro-

103 2673 210 2739 hibuit
234 2675 389 2740 barbaros
413 2676 453 2740 ab
477 2676 602 2760 impetu
625 2675 782 2741 Romanis
805 2674 985 2758 profuturo.

175 2890 188 2937 1
208 2901 385 2939 romanorum
396 2886 431 2940 H
444 2887 448 2954 Ι
465 2891 480 2939 3
500 2880 730 2955 adgredientibus
741 2883 770 2936 P
784 2885 788 2953 Ι
804 2888 820 2937 8
839 2884 929 2938 iraH
943 2887 1008 2939 arete
1025 2899 1095 2939 corr.
1114 2884 1120 2955 Ι

102 2960 118 3008 9
137 2956 283 3024 tutiusque
304 2954 387 3011 docta
405 2957 530 3024 tutisque
544 2955 579 3008 H
581 2954 610 3009 P
631 2953 757 3022 tutisque
776 2954 937 3023 utrisqued
955 2957 1015 3009 tum
1034 2955 1118 3008 utris-

102 3042 155 3095 que
171 3026 241 3081 Oud.
259 3027 322 3081 tuto
343 3027 438 3096 eisque
456 3026 578 3095 Hartell
599 3027 683 3081 noxia
701 3026 737 3080 Η
758 3031 821 3081 ante
839 3042 893 3081 ras.
911 3027 915 3095 l
943 3031 974 3080 11
994 3025 1071 3080 uisus
1085 3025 1123 3079 H

101 3102 164 3152 ante
182 3114 237 3152 ras.
254 3100 259 3166 Ι
276 3103 309 3151 12
326 3097 484 3152 theabanos
499 3097 534 3151 H
549 3103 612 3152 ante
630 3113 685 3152 ras.
702 3101 706 3164 Ι
724 3103 756 3152 13
774 3095 936 3166 posuissent
950 3096 994 3167 ΡΙ
1010 3096 1118 3151 maiore

100 3169 130 3222 in
147 3170 199 3237 ΗΙ
218 3174 251 3222 14
269 3169 438 3235 arceretHl
457 3173 489 3221 15
507 3185 671 3239 responsum
685 3169 720 3222 H
731 3175 794 3223 aute
807 3184 875 3223 corr.
894 3169 898 3238 Ι
920 3173 953 3221 19
973 3167 1072 3222 auidus
1085 3167 1123 3221 H

100 3244 245 3363 anteco}
263 3244 317 3308 122
337 3241 424 3295 sibid
441 3237 483 3293 ibi
496 3239 532 3293 H
536 3241 581 3309 ΡΙ
602 3244 638 3293 24
656 3239 685 3294 in
699 3239 768 3306 ΗΡ,
782 3255 851 3295 corr.
866 3240 905 3308 dl
927 3244 961 3294 25
980 3236 1121 3307 hisqueG

100 3327 186 3378 usque
