2468 3832
411 137 520 191 ursus
537 136 583 193 rr.
613 135 690 190 cnr.
710 122 789 190 e-r.
1043 132 1107 197 133
1123 151 1126 188 ς

92 323 162 367 rem
182 305 289 366 eutem
308 299 443 364 uixisse:
466 299 563 365 fidem
581 303 693 363 tamen
712 319 841 362 seruere
855 295 1014 362 Romanis
1037 317 1108 381 per·
1129 341 1131 357 2

94 394 334 455 seuereuerunt.
746 399 749 405 '
948 446 951 451 .

161 479 214 543 21.
238 476 390 560 Cyzicum
409 496 483 541 eum
505 476 710 561 oppugnaret
722 473 939 555 Mithridates,
962 472 1108 556 captiuos

95 567 163 631 eius
195 566 285 630 urbis
318 564 471 649 produxit
502 564 707 647 ostenditque
739 563 899 646 obsessis,
932 561 1110 626 arbitratus

95 655 252 737 futurum,
280 657 317 718 ut
340 652 548 717 miseratione
572 673 704 717 suorum
728 651 938 736 compelleret
960 649 1001 714 ed
1025 648 1110 714 dedi·
1128 663 1165 716 5⁴

95 742 217 806 tionem
242 741 433 824 oppidanos:
457 744 491 804 et
514 741 563 805 illi
584 740 746 805 cohortati
769 740 809 804 ad
832 738 1021 824 patiendam
1045 737 1110 802 for·

95 831 173 894 titer
197 833 334 894 mortem
363 829 510 912 captiuos
530 849 668 893 seruere
691 827 851 892 Romanis
877 827 975 891 fidem
1003 846 1110 909 perse·

95 922 300 983 uereuerunt.
1130 950 1131 953 =

163 1008 214 1071 22.
248 1005 471 1090 Segouienses,
487 1026 568 1070 ‘cum
587 1003 771 1070 eVirietho
795 1005 845 1069 his
864 1004 960 1068 liberi
983 1006 1015 1068 et
1038 1022 1112 1066 oon·

95 1095 188 1177 iuges
218 1094 442 1175 redderentur,
474 1095 752 1176 praeoptauerunt
779 1096 924 1177 spectare
954 1089 1176 1175 supplicie10;

95 1183 270 1268 pignorum
295 1202 440 1264 suorum,
463 1203 561 1264 quem
585 1203 605 1245 a
627 1181 786 1246 Romanis
809 1182 952 1245 deficere.

164 1271 217 1336 23.
248 1268 454 1351 Numantini,
480 1290 522 1333 ne
547 1290 582 1334 se
609 1269 777 1352 dederent,
805 1269 890 1334 forne
913 1268 1111 1356 moriprae·

96 1359 169 1423 fixis
192 1358 317 1423 foribus
341 1357 494 1423 domuum
518 1380 648 1422 suerum
671 1359 863 1422 maluerunt.

265 1567 313 1621 VI.
342 1566 390 1620 DE
408 1564 575 1621 AFFECTU
595 1566 642 1620 ΕΤ
662 1564 937 1621 MODERATIONE.

166 1714 195 1777 1.
227 1711 265 1786 Q.
295 1709 418 1774 Fabius
450 1709 603 1774 hortante
636 1710 719 1792 filio,
754 1713 791 1773 ut
822 1710 929 1773 locum
960 1708 1112 1773 idoneum
1132 1715 1191 1772 15³

96 1821 274 1883 paucorum
296 1800 423 1862 iectura
446 1801 589 1881 caperet,
619 1796 744 1881 ‘uisne’,
766 1797 887 1880 inquit,
911 1796 960 1860 ‘tu
973 1818 1022 1861 -ex
1045 1795 1112 1860 illis

97 1888 210 1971 paucis
235 1885 342 1950 essel'
910 1934 916 1950 ,
1124 1936 1126 1940 ,

165 1976 197 2039 2.
218 1973 410 2056 Xenophon,
429 1995 502 2038 cum
517 1994 599 2058 equo
614 1974 785 2039 ueheretur
804 1977 837 2037 et
855 1974 980 2058 pedites
999 1972 1130 2056 iugum

99 2063 260 2146 quoddam
280 2083 436 2145 occupare
454 2062 613 2146 iussisset,
633 2086 733 2129 unum
752 2085 791 2127 ex
805 2063 851 2126 eis
867 2062 1124 2127 obmurmuran·

98 2156 165 2215 tem
203 2150 302 2235 [quod
335 2150 468 2231 diceret]
502 2149 680 2236 (audiens)
712 2151 806 2217 facile
842 2154 912 2216 tem
948 2151 1113 2216 laboriose
1130 2166 1176 2225 ro

100 2240 265 2304 sedentem
292 2239 464 2322 imperare,
498 2240 630 2305 desiluit
658 2245 691 2306 et
719 2238 885 2325 gregalem
912 2261 994 2324 equo
1023 2241 1112 2322 inpo·

98 2328 181 2409 suit,
218 2349 313 2392 eursu
348 2329 418 2411 ipse
456 2328 497 2392 ed
534 2328 733 2394 destinatum
765 2330 878 2414 iugum
906 2329 1113 2394 contendens.

98 2417 187 2480 euius
205 2416 286 2481 facti
303 2414 455 2481 ruborem
474 2437 545 2480 oum
565 2418 692 2501 perpeti
716 2417 810 2481 miles
833 2439 899 2481 non
922 2418 1043 2500 posset,
1065 2417 1113 2478 in·

98 2504 278 2568 ridentibus
319 2503 595 2568 commilitonibus
637 2508 752 2589 sponte
789 2503 971 2570 descendit:
1007 2502 1114 2568 Xeno·

97 2591 255 2675 phontem
288 2590 343 2653 uix
374 2591 519 2654 uniuersi
550 2592 776 2677 perpulerunt,
812 2596 849 2655 ut
883 2592 1166 2657 conscenderetur»

171 2787 186 2835 3
207 2797 270 2835 cum
289 2796 340 2836 om.
357 2780 403 2848 ΡΙ
419 2785 437 2834 4
454 2781 541 2837 uerba
558 2781 636 2837 urbis
654 2813 688 2823 -
707 2784 960 2852 perseuerauerunt
976 2799 1026 2838 om.
1042 2781 1090 2837 11¹
1106 2781 1110 2853 l

98 2856 243 2906 bsuorum
272 2866 368 2906 eorum
381 2854 425 2906 uel
444 2851 636 2920 sociorumdl
658 2860 673 2907 9
693 2852 876 2924 Segonienecs
895 2854 915 2908 d
936 2853 998 2923 Ego
1016 2853 1113 2907 uiuen-

98 2940 142 3006 ees
162 2923 228 3004 (ξΗ
281 2921 500 2991 Segobrigenses
519 2922 603 2994 Sco!
632 2923 761 2979 unnotho
780 2925 824 2981 Η1
851 2929 855 2993 Ι
885 2924 929 2978 bis
945 2923 1009 2978 Pis
1024 2923 1113 3024 (ι’-ΗΣ

96 2995 193 3117 {iibens
202 2994 247 3119 ἕ
252 2993 261 3023 ¹
285 2993 290 3061 Ι
321 2998 355 3047 10
373 2994 554 3049 caederentur
571 2995 591 3050 d
615 2998 619 3065 Ι
650 3000 682 3049 13
702 2995 836 3051 domuum
853 2996 906 3050 er
932 2994 1047 3067 dominii
1066 2994 1099 3047 Η

117 3081 183 3119 omu

172 3140 204 3188 14
224 3134 326 3189 ellectu
344 3136 363 3188 d
382 3133 483 3188 effectu
504 3134 616 3205 (τἯΡΙ
639 3141 672 3190 15
692 3135 811 3202 Quintus
831 3136 897 3192 GH
913 3135 1042 3201 Quintius
1062 3135 1112 3207 Pl

97 3203 261 3261 idoneorum
281 3205 307 3260 G
327 3207 331 3274 Ι
355 3210 389 3259 18
412 3206 520 3273 sephon
539 3206 573 3260 H
578 3205 587 3236 ¹
608 3208 612 3274 Ι
635 3213 670 3261 20
689 3209 763 3276 quod
783 3207 891 3262 diceret
911 3208 1042 3278 ploeeona
1060 3221 1115 3260 esee

97 3278 171 3330 rudit
191 3276 277 3332 Oed:
294 3275 329 3342 ef.
345 3275 437 3344 praef.
456 3274 547 3346 §131
569 3277 685 3332 audiens
703 3279 832 3347 suppleri
852 3283 856 3343 Ι
876 3294 932 3333 uno
952 3295 983 3333 er
1005 3277 1046 3330 eis
1065 3277 1113 3330 ob

98 3347 289 3402 murmurante
313 3362 346 3401 ec
372 3345 483 3400 dicente
506 3345 565 3402 Ser.
598 3365 724 3416 unusque
749 3365 784 3403 ex
812 3349 851 3403 eis
876 3348 1112 3403 obmurmurendo

98 3416 205 3472 diceret
220 3417 290 3472 Oud.
307 3419 311 3485 Ι
328 3421 360 3471 21
374 3416 512 3486 imperare
527 3417 634 3487 ωτι-ΡΙ
655 3423 689 3472 22
703 3418 764 3488 ipse
779 3417 903 3488 pedestri
917 3419 982 3474 edd
997 3420 1002 3485 Ι
1018 3424 1112 3474 23111-

97 3502 205 3541 morem
218 3487 244 3543 G
259 3489 265 3557 1
280 3492 315 3542 24
333 3485 512 3542 xenofontem
528 3486 555 3541 G
572 3489 776 3557 zenophontem
791 3490 827 3543 H
839 3489 843 3561 Ι
859 3493 894 3544 rt
912 3489 1113 3559 pepuleruntb
