2468 3832
456 121 567 178 LIBER
584 121 619 176 11.
648 120 726 178 OAP.
748 129 771 176 1.
1075 122 1118 187 39

215 285 254 350 X.
279 283 314 351 Si
332 305 384 349 res
404 283 515 350 durius
530 283 675 365 cesserit,
689 282 729 347 de
743 283 887 350 aduersis
901 283 1120 350 emendandis.

198 372 255 438 XI.
278 373 328 439 De
352 373 524 437 dubiorum
548 370 665 437 animis
688 372 808 437 infide
831 372 1019 440 retinendis.

179 461 255 527 XII.
279 460 368 537 Quae
390 461 539 526 facienda
562 461 627 525 sint
649 482 708 545 pro
733 461 862 544 castris,
886 462 913 526 si
937 463 1017 527 satis
1032 463 1119 540 ,fidu-

318 551 385 615 ciae
399 550 434 613 in
448 548 672 634 praesentibus
690 550 793 633 copiis
807 571 872 614 non
887 549 1119 634 habe<a>mus

163 637 255 705 XIII.
278 638 326 703 De
350 638 540 724 effugiendo.
1138 655 1154 704 e

235 849 256 904 1.
285 848 333 903 on
351 846 524 903 senecen
543 847 594 901 nn
613 846 770 903 ruerem
788 803 984 904 strennuo.

172 993 199 1058 1.
227 991 263 1060 P.
278 990 386 1076 Scipio
406 993 442 1057 in
460 991 630 1075 Hispania,
653 1013 726 1057 cum
744 993 955 1076 comperisset
973 991 1119 1058 Hasdru·

103 1080 212 1145 belem
235 1079 419 1146 Poenorum
443 1080 554 1145 ducem
576 1080 683 1145 ieiuno
708 1081 850 1146 exercitu
873 1103 968 1146 mane
990 1103 1118 1166 proces·

104 1168 185 1232 sisse
218 1169 253 1232 in
280 1169 396 1252 aciem,
428 1168 588 1234 continuit
619 1168 654 1232 in
684 1168 799 1233 horam
831 1171 1005 1253 septimam
1034 1192 1119 1254 suos,

104 1257 222 1340 quibus
245 1261 468 1342 praeceperat,
491 1259 528 1320 ut
551 1256 752 1340 quiescerent
770 1261 803 1322 et
821 1257 930 1323 cibum
953 1262 1118 1342 caperent:
1139 1275 1172 1323 10

101 1365 240 1430 cumque
267 1344 378 1411 hostes
405 1345 525 1427 inedia,
554 1346 622 1429 siti,
649 1367 743 1410 mora
770 1347 830 1411 sub
859 1347 958 1411 armis
986 1346 1119 1432 fatigati

102 1437 248 1517 repetere
276 1438 382 1499 castra
405 1434 603 1520 coepissent,
631 1434 739 1501 subite
768 1435 879 1519 copias
903 1433 1059 1520 <e>duxit
1087 1439 1119 1501 et

68 1605 73 1611 .
102 1523 276 1588 commisso
299 1524 423 1607 proelio
446 1523 535 1590 uicit.

169 1611 373 1676 ancellas
396 1611 474 1677 Pius
498 1613 534 1677 in
551 1610 712 1696 Hispania
736 1611 890 1678 aduersus
910 1611 1118 1698 Hirtuleium,

102 1721 176 1765 cum
203 1700 260 1764 ille
288 1700 413 1765 oriente
441 1701 589 1784 protinus
613 1700 664 1765 die
687 1701 882 1766 instructam
905 1701 1007 1766 aciem
1029 1702 1118 1766 uallo
1139 1717 1171 1766 15

102 1788 172 1852 eius
192 1788 404 1872 admouisset,
424 1785 644 1853 feruidissimo
662 1791 740 1852 tune
763 1791 910 1873 tempore
934 1789 1010 1852 anni
1032 1791 1119 1853 intra

103 1880 210 1941 castra
233 1876 394 1940 continuit
417 1897 493 1941 suos
516 1876 550 1941 in
573 1875 689 1940 horam
708 1875 772 1940 diei
792 1879 931 1941 sextam:
955 1879 1053 1959 atque
1070 1878 1119 1941 ita

102 1962 260 2046 fatigatos
294 1967 386 2028 aestu
418 1963 515 2029 facile
545 1963 682 2049 integris
710 1967 744 2029 et
771 1964 954 2030 recentibus
986 1986 1118 2030 suorum

103 2051 230 2116 uiribus
253 2051 341 2116 uicit

171 2139 200 2204 3.
224 2139 324 2225 Idem,
337 2140 458 2206 iunctis
476 2161 549 2206 eum
562 2140 719 2226 Pompeio
738 2141 856 2207 castris
875 2140 1030 2207 aduersus
1045 2139 1117 2206 Ser·
1136 2160 1170 2208 20

103 2227 224 2294 lorium
255 2229 290 2294 in
321 2228 497 2314 Hispania,
530 2251 603 2295 cum
636 2252 731 2316 saepe
764 2230 975 2296 instruxisset
1005 2232 1117 2314 aciem,

101 2317 197 2382 hoste
230 2318 286 2403 qui
318 2318 466 2403 inparem
494 2340 528 2383 se
557 2318 689 2384 duobus·
710 2319 862 2385 credebat
892 2340 1036 2405 pugnam
1064 2319 1116 2384 de·

101 2410 278 2489 tractante,
302 2408 443 2492 quodam
466 2407 579 2472 deinde
601 2410 747 2491 tempore
769 2405 973 2473 Sertorianos
997 2409 1117 2472 milites

102 2494 388 2560 animaduertisset
406 2516 526 2581 magno
549 2496 674 2581 impetu
692 2495 882 2577 instinctos,
904 2496 1116 2580 deposcentes

103 2603 249 2666 pugnem
281 2604 472 2666 umerosque
505 2587 687 2648 exserentes
720 2586 754 2647 et
779 2584 910 2649 lanceas
941 2583 1118 2668 uibrantes,
1136 2601 1170 2650 ne

104 2670 307 2734 existimauit
339 2671 448 2736 ardori
481 2670 658 2736 cedendum
690 2671 725 2734 in
756 2673 903 2755 tempore
934 2671 1117 2756 recepitque

103 2758 280 2824 exercitum
304 2763 337 2824 et
357 2758 513 2843 Pompeio
536 2758 622 2824 idem
645 2759 784 2824 faciendi
807 2762 920 2826 auctor
943 2760 1014 2826 fuit

171 2849 201 2912 4.
230 2847 418 2913 Postumius
442 2849 555 2914 consul
578 2849 612 2912 in
632 2845 756 2932 Sicilia,
779 2870 853 2913 curn
876 2852 983 2914 castra
1006 2850 1074 2914 eius
1098 2873 1117 2915 a

101 2936 235 3002 Punicis
266 2936 368 3002 trium
400 2937 527 3002 milium
562 2959 719 3023 passuum
752 2938 858 3022 spatio
892 2938 1053 3003 distarent
1085 2943 1118 3002 et

175 3135 189 3183 1
210 3129 330 3199 gesserit
346 3129 382 3183 H
392 3127 598 3254 paduersariis
616 3129 661 3182 Ηι
685 3131 690 3198 Ι
715 3133 731 3182 2
750 3130 785 3183 de
804 3145 854 3185 om.
869 3129 915 3183 Hl
939 3131 944 3198 Ι
969 3136 985 3185 3
1004 3130 1068 3202 pro]
1087 3129 1118 3184 in

102 3199 137 3254 H
149 3202 153 3269 Ι
178 3200 390 3254 4habemusH
418 3216 514 3267 ,cora
528 3201 568 3270 dl
593 3199 679 3255 eeffu
700 3199 773 3256 endo
787 3199 856 3271 H¹l
882 3200 1049 3270 telegendc
1063 3199 1099 3257 H
1112 3201 1117 3273 Ι

104 3270 182 3396 7Ρέ
201 3269 255 3325 Pre
273 3271 318 3337 ΡΙ
343 3277 360 3326 8
378 3270 481 3326 ieiunio
500 3270 565 3341 H¹l
591 3286 658 3326 sane
678 3218 812 3340 defle,
829 3287 898 3326 corr.
917 3272 957 3340 dl
981 3271 1119 3341 processit

103 3356 133 3395 se
179 3341 248 3412 H¹l
275 3349 307 3396 11
328 3341 366 3397 sit
384 3340 537 3397 eiHaale
554 3357 624 3398 corr.
645 3342 650 3412 Ι
676 3348 708 3396 12
729 3343 810 3397 duxit
829 3341 961 3409 OGHP,
983 3358 1052 3400 corr.
1072 3343 1115 3415 dl

103 3417 137 3466 16
155 3411 230 3467 intra
250 3411 277 3468 G
298 3412 329 3467 in
342 3412 428 3483 ΗΡΙ
450 3418 483 3468 18
501 3411 601 3468 faciles
616 3413 677 3469 OH
694 3417 698 3481 Ι
723 3411 926 3468 recentioribus
946 3413 970 3469 0
988 3416 992 3484 Ι
1017 3419 1051 3469 25
1071 3431 1116 3469 ex·

102 3483 227 3537 serentes
244 3484 264 3539 d
286 3484 447 3540 exercentes
469 3483 535 3538 GH
537 3484 566 3538 P
584 3486 588 3552 Ι
616 3483 796 3539 uibrantisG
