<?xml version="1.0" encoding="UTF-8"?>
<!DOCTYPE html PUBLIC "-//W3C//DTD XHTML 1.0 Transitional//EN"
    "http://www.w3.org/TR/xhtml1/DTD/xhtml1-transitional.dtd">
<html xmlns="http://www.w3.org/1999/xhtml" xml:lang="en" lang="en">
 <head>
  <title>
</title>
<meta http-equiv="Content-Type" content="text/html;charset=utf-8" />
  <meta name='ocr-system' content='tesseract 3.04.00' />
  <meta name='ocr-capabilities' content='ocr_page ocr_carea ocr_par ocr_line ocrx_word'/>
</head>
<body>
  <div class='ocr_page' id='page_1' title='image "./ivlifrontinistr01gundgoog_0029.png"; bbox 0 0 2468 3832; ppageno 0'>
   <div class='ocr_carea' id='block_1_1' title="bbox 150 137 970 202">
    <p class='ocr_par' dir='ltr' id='par_1_1' title="bbox 150 137 970 202">
     <span class='ocr_line' id='line_1_1' title="bbox 150 137 970 202; baseline -0.002 -8"><span class='ocrx_word' id='word_1_1' title='bbox 150 139 173 202; x_wconf 90' lang='grc'>4</span> <span class='ocrx_word' id='word_1_2' title='bbox 356 139 431 194; x_wconf 84' lang='lat' dir='ltr'><strong>IULI</strong></span> <span class='ocrx_word' id='word_1_3' title='bbox 448 137 625 194; x_wconf 81' lang='lat' dir='ltr'><strong>FRONTINI</strong></span> <span class='ocrx_word' id='word_1_4' title='bbox 644 137 970 194; x_wconf 77' lang='lat' dir='ltr'><strong>STRATEGEMATON</strong></span> 
     </span>
    </p>
   </div>
   <div class='ocr_carea' id='block_1_2' title="bbox 369 349 946 408">
    <p class='ocr_par' dir='ltr' id='par_1_2' title="bbox 369 349 946 408">
     <span class='ocr_line' id='line_1_2' title="bbox 369 349 946 408; baseline 0.005 -4"><span class='ocrx_word' id='word_1_5' title='bbox 369 351 390 408; x_wconf 92' lang='lat' dir='ltr'>I.</span> <span class='ocrx_word' id='word_1_6' title='bbox 419 352 466 406; x_wconf 83' lang='lat' dir='ltr'>DE</span> <span class='ocrx_word' id='word_1_7' title='bbox 487 350 740 406; x_wconf 77' lang='lat' dir='ltr'><strong>OOCULTANDIS</strong></span> <span class='ocrx_word' id='word_1_8' title='bbox 760 349 946 407; x_wconf 80' lang='lat' dir='ltr'><strong>CONSILIIS.</strong></span> 
     </span>
    </p>
   </div>
   <div class='ocr_carea' id='block_1_3' title="bbox 118 475 1171 1094">
    <p class='ocr_par' dir='ltr' id='par_1_3' title="bbox 152 475 1169 739">
     <span class='ocr_line' id='line_1_3' title="bbox 222 475 1169 561; baseline -0.002 -18"><span class='ocrx_word' id='word_1_9' title='bbox 222 481 250 543; x_wconf 91' lang='lat'>1.</span> <span class='ocrx_word' id='word_1_10' title='bbox 279 479 322 543; x_wconf 90' lang='lat' dir='ltr'>M.</span> <span class='ocrx_word' id='word_1_11' title='bbox 346 477 479 543; x_wconf 90' lang='lat' dir='ltr'>Porcius</span> <span class='ocrx_word' id='word_1_12' title='bbox 503 476 585 544; x_wconf 76' lang='lat' dir='ltr'>(lato</span> <span class='ocrx_word' id='word_1_13' title='bbox 613 478 757 543; x_wconf 84' lang='lat' dir='ltr'>deuictus</span> <span class='ocrx_word' id='word_1_14' title='bbox 782 500 802 542; x_wconf 88' lang='lat' dir='ltr'>a</span> <span class='ocrx_word' id='word_1_15' title='bbox 825 499 859 542; x_wconf 90' lang='lat' dir='ltr'>se</span> <span class='ocrx_word' id='word_1_16' title='bbox 883 475 1062 561; x_wconf 78' lang='lat' dir='ltr'>Hispaniae</span> <span class='ocrx_word' id='word_1_17' title='bbox 1091 478 1169 542; x_wconf 92' lang='lat' dir='ltr'>ciui-</span> 
     </span>
     <span class='ocr_line' id='line_1_4' title="bbox 152 566 1169 650; baseline 0 -18"><span class='ocrx_word' id='word_1_18' title='bbox 152 572 238 633; x_wconf 90' lang='lat' dir='ltr'>tates</span> <span class='ocrx_word' id='word_1_19' title='bbox 263 566 472 632; x_wconf 85' lang='lat' dir='ltr'>existimabat</span> <span class='ocrx_word' id='word_1_20' title='bbox 495 566 529 630; x_wconf 90' lang='lat' dir='ltr'>in</span> <span class='ocrx_word' id='word_1_21' title='bbox 552 570 699 650; x_wconf 90' lang='lat' dir='ltr'>tempore</span> <span class='ocrx_word' id='word_1_22' title='bbox 722 566 934 632; x_wconf 89' lang='lat' dir='ltr'>rebellaturas</span> <span class='ocrx_word' id='word_1_23' title='bbox 957 566 1075 631; x_wconf 88' lang='lat' dir='ltr'>fiducia</span> <span class='ocrx_word' id='word_1_24' title='bbox 1099 590 1169 632; x_wconf 92' lang='lat' dir='ltr'>mu·</span> 
     </span>
     <span class='ocr_line' id='line_1_5' title="bbox 152 654 1169 739; baseline -0.002 -18"><span class='ocrx_word' id='word_1_25' title='bbox 152 679 271 722; x_wconf 87' lang='lat' dir='ltr'>rorum.</span> <span class='ocrx_word' id='word_1_26' title='bbox 297 656 426 738; x_wconf 80' lang='lat' dir='ltr'><strong>scripsit</strong></span> <span class='ocrx_word' id='word_1_27' title='bbox 438 655 550 738; x_wconf 90' lang='lat' dir='ltr'>itaque</span> <span class='ocrx_word' id='word_1_28' title='bbox 565 655 713 739; x_wconf 83' lang='lat' dir='ltr'>singulis,</span> <span class='ocrx_word' id='word_1_29' title='bbox 727 659 764 720; x_wconf 94' lang='lat' dir='ltr'>ut</span> <span class='ocrx_word' id='word_1_30' title='bbox 778 654 942 718; x_wconf 78' lang='lat' dir='ltr'>diruerent</span> <span class='ocrx_word' id='word_1_31' title='bbox 956 655 1169 738; x_wconf 87' lang='lat' dir='ltr'>munimenta,</span> 
     </span>
    </p>

    <p class='ocr_par' dir='ltr' id='par_1_4' title="bbox 118 743 1171 1094">
     <span class='ocr_line' id='line_1_6' title="bbox 118 743 1171 827; baseline -0.005 -15"><span class='ocrx_word' id='word_1_32' title='bbox 118 745 296 812; x_wconf 82' lang='lat' dir='ltr'>ominatus</span> <span class='ocrx_word' id='word_1_33' title='bbox 323 745 461 827; x_wconf 82' lang='lat' dir='ltr'>bellum,</span> <span class='ocrx_word' id='word_1_34' title='bbox 489 743 555 807; x_wconf 90' lang='lat' dir='ltr'>nisi</span> <span class='ocrx_word' id='word_1_35' title='bbox 582 744 752 809; x_wconf 77' lang='lat' dir='ltr'>confestim</span> <span class='ocrx_word' id='word_1_36' title='bbox 782 744 1075 826; x_wconf 75' lang='lat' dir='ltr'>obtemperassent,</span> <span class='ocrx_word' id='word_1_37' title='bbox 1104 743 1171 827; x_wconf 90' lang='lat' dir='ltr'>epi·</span> 
     </span>
     <span class='ocr_line' id='line_1_7' title="bbox 154 830 1169 917; baseline -0.003 -18"><span class='ocrx_word' id='word_1_38' title='bbox 154 835 320 917; x_wconf 89' lang='lat' dir='ltr'>stulasque</span> <span class='ocrx_word' id='word_1_39' title='bbox 344 832 504 897; x_wconf 89' lang='lat' dir='ltr'>uniuersis</span> <span class='ocrx_word' id='word_1_40' title='bbox 528 830 715 896; x_wconf 88' lang='lat' dir='ltr'>ciuitatibus</span> <span class='ocrx_word' id='word_1_41' title='bbox 739 831 850 896; x_wconf 91' lang='lat' dir='ltr'>eodem</span> <span class='ocrx_word' id='word_1_42' title='bbox 876 832 926 895; x_wconf 93' lang='lat' dir='ltr'>die</span> <span class='ocrx_word' id='word_1_43' title='bbox 944 831 1035 896; x_wconf 89' lang='lat' dir='ltr'>reddi</span> <span class='ocrx_word' id='word_1_44' title='bbox 1057 833 1169 898; x_wconf 89' lang='lat' dir='ltr'>iussit:</span> 
     </span>
     <span class='ocr_line' id='line_1_8' title="bbox 154 919 1171 1006; baseline -0.002 -19"><span class='ocrx_word' id='word_1_45' title='bbox 154 942 365 1006; x_wconf 83' lang='lat' dir='ltr'>unaquaeque</span> <span class='ocrx_word' id='word_1_46' title='bbox 388 919 517 985; x_wconf 88' lang='lat' dir='ltr'>urbium</span> <span class='ocrx_word' id='word_1_47' title='bbox 540 920 604 985; x_wconf 90' lang='lat' dir='ltr'>sibi</span> <span class='ocrx_word' id='word_1_48' title='bbox 623 920 684 986; x_wconf 91' lang='lat' dir='ltr'>soli</span> <span class='ocrx_word' id='word_1_49' title='bbox 704 919 839 985; x_wconf 88' lang='lat' dir='ltr'>credidit</span> <span class='ocrx_word' id='word_1_50' title='bbox 861 920 1071 1006; x_wconf 79' lang='lat' dir='ltr'>imperatum3</span> <span class='ocrx_word' id='word_1_51' title='bbox 1095 943 1171 985; x_wconf 89' lang='lat' dir='ltr'>con-</span> 
     </span>
     <span class='ocr_line' id='line_1_9' title="bbox 154 1008 1170 1094; baseline 0 -19"><span class='ocrx_word' id='word_1_52' title='bbox 154 1016 299 1076; x_wconf 89' lang='lat' dir='ltr'>tumaces</span> <span class='ocrx_word' id='word_1_53' title='bbox 328 1008 527 1094; x_wconf 88' lang='lat' dir='ltr'>conspiratio</span> <span class='ocrx_word' id='word_1_54' title='bbox 554 1010 662 1093; x_wconf 90' lang='lat' dir='ltr'>potuit</span> <span class='ocrx_word' id='word_1_55' title='bbox 693 1009 813 1094; x_wconf 82' lang='lat' dir='ltr'>faeere,</span> <span class='ocrx_word' id='word_1_56' title='bbox 846 1010 874 1074; x_wconf 89' lang='lat' dir='ltr'>si</span> <span class='ocrx_word' id='word_1_57' title='bbox 903 1008 1054 1075; x_wconf 90' lang='lat' dir='ltr'>omnibus</span> <span class='ocrx_word' id='word_1_58' title='bbox 1081 1010 1170 1075; x_wconf 90' lang='lat' dir='ltr'>idem</span> 
     </span>
    </p>
   </div>
   <div class='ocr_carea' id='block_1_4' title="bbox 103 1097 1173 2688">
    <p class='ocr_par' dir='ltr' id='par_1_5' title="bbox 155 1097 622 1164">
     <span class='ocr_line' id='line_1_10' title="bbox 155 1097 622 1164; baseline -0.002 -1"><span class='ocrx_word' id='word_1_59' title='bbox 155 1098 339 1164; x_wconf 88' lang='lat' dir='ltr'>denuntiari</span> <span class='ocrx_word' id='word_1_60' title='bbox 360 1102 475 1163; x_wconf 90' lang='lat' dir='ltr'>notum</span> <span class='ocrx_word' id='word_1_61' title='bbox 498 1097 622 1162; x_wconf 87' lang='lat' dir='ltr'>fuisset.</span> 
     </span>
    </p>

    <p class='ocr_par' dir='ltr' id='par_1_6' title="bbox 103 1183 1173 1626">
     <span class='ocr_line' id='line_1_11' title="bbox 103 1183 1170 1270; baseline -0.004 -16"><span class='ocrx_word' id='word_1_62' title='bbox 103 1207 136 1256; x_wconf 89' lang='lat'>10</span> <span class='ocrx_word' id='word_1_63' title='bbox 221 1189 251 1252; x_wconf 86' lang='lat'>2.</span> <span class='ocrx_word' id='word_1_64' title='bbox 274 1186 417 1252; x_wconf 78' lang='lat' dir='ltr'><strong>Himilco</strong></span> <span class='ocrx_word' id='word_1_65' title='bbox 441 1187 506 1251; x_wconf 88' lang='lat' dir='ltr'>dux</span> <span class='ocrx_word' id='word_1_66' title='bbox 523 1187 718 1269; x_wconf 88' lang='lat' dir='ltr'>Poenorum,</span> <span class='ocrx_word' id='word_1_67' title='bbox 740 1190 778 1251; x_wconf 92' lang='lat' dir='ltr'>ut</span> <span class='ocrx_word' id='word_1_68' title='bbox 799 1187 834 1250; x_wconf 92' lang='lat' dir='ltr'>in</span> <span class='ocrx_word' id='word_1_69' title='bbox 858 1183 1001 1251; x_wconf 82' lang='lat' dir='ltr'>Siciliam</span> <span class='ocrx_word' id='word_1_70' title='bbox 1024 1186 1170 1270; x_wconf 91' lang='lat' dir='ltr'>inopina·</span> 
     </span>
     <span class='ocr_line' id='line_1_12' title="bbox 155 1275 1171 1360; baseline -0.002 -20"><span class='ocrx_word' id='word_1_71' title='bbox 155 1279 208 1340; x_wconf 92' lang='lat' dir='ltr'>tus</span> <span class='ocrx_word' id='word_1_72' title='bbox 237 1277 415 1360; x_wconf 85' lang='lat' dir='ltr'>appelleret</span> <span class='ocrx_word' id='word_1_73' title='bbox 442 1276 594 1358; x_wconf 83' lang='lat' dir='ltr'>classem,</span> <span class='ocrx_word' id='word_1_74' title='bbox 620 1298 687 1340; x_wconf 90' lang='lat' dir='ltr'>non</span> <span class='ocrx_word' id='word_1_75' title='bbox 714 1275 951 1360; x_wconf 87' lang='lat' dir='ltr'>pronuntiauit,</span> <span class='ocrx_word' id='word_1_76' title='bbox 980 1297 1044 1360; x_wconf 92' lang='lat' dir='ltr'>quo</span> <span class='ocrx_word' id='word_1_77' title='bbox 1071 1276 1171 1359; x_wconf 89' lang='lat' dir='ltr'>profi·</span> 
     </span>
     <span class='ocr_line' id='line_1_13' title="bbox 156 1363 1172 1448; baseline 0.001 -21"><span class='ocrx_word' id='word_1_78' title='bbox 156 1365 343 1447; x_wconf 69' lang='lat' dir='ltr'>maceretur,</span> <span class='ocrx_word' id='word_1_79' title='bbox 362 1363 417 1428; x_wconf 90' lang='lat' dir='ltr'>sed</span> <span class='ocrx_word' id='word_1_80' title='bbox 437 1364 590 1446; x_wconf 87' lang='lat' dir='ltr'>tabellas,</span> <span class='ocrx_word' id='word_1_81' title='bbox 609 1364 644 1427; x_wconf 90' lang='lat' dir='ltr'>in</span> <span class='ocrx_word' id='word_1_82' title='bbox 663 1364 777 1448; x_wconf 90' lang='lat' dir='ltr'>quibus</span> <span class='ocrx_word' id='word_1_83' title='bbox 797 1363 956 1447; x_wconf 88' lang='lat' dir='ltr'>scriptum</span> <span class='ocrx_word' id='word_1_84' title='bbox 974 1366 1052 1448; x_wconf 86' lang='lat' dir='ltr'>erat,</span> <span class='ocrx_word' id='word_1_85' title='bbox 1072 1386 1172 1448; x_wconf 91' lang='lat' dir='ltr'>quam</span> 
     </span>
     <span class='ocr_line' id='line_1_14' title="bbox 156 1451 1173 1537; baseline 0 -21"><span class='ocrx_word' id='word_1_86' title='bbox 156 1457 284 1535; x_wconf 88' lang='lat' dir='ltr'>partem</span> <span class='ocrx_word' id='word_1_87' title='bbox 320 1451 389 1535; x_wconf 90' lang='lat' dir='ltr'>peti</span> <span class='ocrx_word' id='word_1_88' title='bbox 424 1452 538 1536; x_wconf 87' lang='lat' dir='ltr'>uellet,</span> <span class='ocrx_word' id='word_1_89' title='bbox 576 1452 736 1517; x_wconf 89' lang='lat' dir='ltr'>uniuersis</span> <span class='ocrx_word' id='word_1_90' title='bbox 772 1452 1045 1537; x_wconf 80' lang='lat' dir='ltr'>gubernatoribus</span> <span class='ocrx_word' id='word_1_91' title='bbox 1083 1452 1173 1517; x_wconf 90' lang='lat' dir='ltr'>dedit</span> 
     </span>
     <span class='ocr_line' id='line_1_15' title="bbox 158 1539 1172 1626; baseline 0.002 -22"><span class='ocrx_word' id='word_1_92' title='bbox 158 1541 304 1624; x_wconf 84' lang='lat' dir='ltr'>signatas</span> <span class='ocrx_word' id='word_1_93' title='bbox 327 1539 569 1626; x_wconf 81' lang='lat' dir='ltr'>praecepitque,</span> <span class='ocrx_word' id='word_1_94' title='bbox 596 1563 637 1606; x_wconf 90' lang='lat' dir='ltr'>ne</span> <span class='ocrx_word' id='word_1_95' title='bbox 662 1540 734 1625; x_wconf 93' lang='lat' dir='ltr'>quis</span> <span class='ocrx_word' id='word_1_96' title='bbox 757 1541 882 1625; x_wconf 81' lang='lat' dir='ltr'>legeret</span> <span class='ocrx_word' id='word_1_97' title='bbox 903 1541 968 1606; x_wconf 92' lang='lat' dir='ltr'>nisi</span> <span class='ocrx_word' id='word_1_98' title='bbox 991 1541 1026 1604; x_wconf 91' lang='lat' dir='ltr'>ui</span> <span class='ocrx_word' id='word_1_99' title='bbox 1048 1545 1172 1624; x_wconf 89' lang='lat' dir='ltr'>tempe-</span> 
     </span>
    </p>

    <p class='ocr_par' dir='ltr' id='par_1_7' title="bbox 104 1628 925 1713">
     <span class='ocr_line' id='line_1_16' title="bbox 104 1628 925 1713; baseline -0.004 -17"><span class='ocrx_word' id='word_1_100' title='bbox 104 1648 137 1698; x_wconf 82' lang='lat'>15</span> <span class='ocrx_word' id='word_1_101' title='bbox 156 1630 252 1696; x_wconf 91' lang='lat' dir='ltr'>statis</span> <span class='ocrx_word' id='word_1_102' title='bbox 275 1651 295 1692; x_wconf 92' lang='lat' dir='ltr'>a</span> <span class='ocrx_word' id='word_1_103' title='bbox 317 1650 413 1693; x_wconf 88' lang='lat' dir='ltr'>eursu</span> <span class='ocrx_word' id='word_1_104' title='bbox 436 1631 618 1713; x_wconf 85' lang='lat' dir='ltr'>praetoriae</span> <span class='ocrx_word' id='word_1_105' title='bbox 640 1630 733 1694; x_wconf 89' lang='lat' dir='ltr'>nauis</span> <span class='ocrx_word' id='word_1_106' title='bbox 757 1628 925 1694; x_wconf 88' lang='lat' dir='ltr'>abductus.</span> 
     </span>
    </p>

    <p class='ocr_par' dir='ltr' id='par_1_8' title="bbox 155 1715 1173 2067">
     <span class='ocr_line' id='line_1_17' title="bbox 223 1715 1173 1802; baseline 0 -21"><span class='ocrx_word' id='word_1_107' title='bbox 223 1718 253 1782; x_wconf 84' lang='lat'>3.</span> <span class='ocrx_word' id='word_1_108' title='bbox 276 1715 310 1783; x_wconf 81' lang='grc' dir='ltr'>Ο.</span> <span class='ocrx_word' id='word_1_109' title='bbox 323 1717 463 1801; x_wconf 87' lang='lat' dir='ltr'>Laelius,</span> <span class='ocrx_word' id='word_1_110' title='bbox 482 1718 523 1782; x_wconf 90' lang='lat' dir='ltr'>ad</span> <span class='ocrx_word' id='word_1_111' title='bbox 539 1716 719 1802; x_wconf 81' lang='lat' dir='ltr'>Syphacem</span> <span class='ocrx_word' id='word_1_112' title='bbox 736 1718 901 1802; x_wconf 85' lang='lat' dir='ltr'>profectus</span> <span class='ocrx_word' id='word_1_113' title='bbox 921 1719 1058 1802; x_wconf 82' lang='lat' dir='ltr'>legatus,</span> <span class='ocrx_word' id='word_1_114' title='bbox 1077 1738 1173 1800; x_wconf 91' lang='lat' dir='ltr'>quos-</span> 
     </span>
     <span class='ocr_line' id='line_1_18' title="bbox 156 1806 1173 1891; baseline -0.001 -21"><span class='ocrx_word' id='word_1_115' title='bbox 156 1806 230 1870; x_wconf 88' lang='lat' dir='ltr'>dam</span> <span class='ocrx_word' id='word_1_116' title='bbox 255 1827 294 1870; x_wconf 86' lang='lat' dir='ltr'>ex</span> <span class='ocrx_word' id='word_1_117' title='bbox 312 1807 451 1870; x_wconf 91' lang='lat' dir='ltr'>tribunis</span> <span class='ocrx_word' id='word_1_118' title='bbox 476 1810 509 1870; x_wconf 93' lang='lat' dir='ltr'>et</span> <span class='ocrx_word' id='word_1_119' title='bbox 526 1807 769 1872; x_wconf 88' lang='lat' dir='ltr'>centurionibus</span> <span class='ocrx_word' id='word_1_120' title='bbox 792 1828 851 1891; x_wconf 89' lang='lat' dir='ltr'>per</span> <span class='ocrx_word' id='word_1_121' title='bbox 869 1808 1010 1891; x_wconf 90' lang='lat' dir='ltr'>speeiem</span> <span class='ocrx_word' id='word_1_122' title='bbox 1034 1806 1173 1871; x_wconf 90' lang='lat' dir='ltr'>seruitu-</span> 
     </span>
     <span class='ocr_line' id='line_1_19' title="bbox 155 1894 1171 1979; baseline -0.001 -20"><span class='ocrx_word' id='word_1_123' title='bbox 155 1895 198 1960; x_wconf 89' lang='lat' dir='ltr'>tis</span> <span class='ocrx_word' id='word_1_124' title='bbox 223 1917 260 1960; x_wconf 89' lang='lat' dir='ltr'>ao</span> <span class='ocrx_word' id='word_1_125' title='bbox 283 1894 457 1960; x_wconf 91' lang='lat' dir='ltr'>ministerii</span> <span class='ocrx_word' id='word_1_126' title='bbox 480 1896 704 1979; x_wconf 85' lang='lat' dir='ltr'>exploratores</span> <span class='ocrx_word' id='word_1_127' title='bbox 728 1917 836 1961; x_wconf 89' lang='lat' dir='ltr'>seeum</span> <span class='ocrx_word' id='word_1_128' title='bbox 861 1895 966 1960; x_wconf 85' lang='lat' dir='ltr'>duxit:</span> <span class='ocrx_word' id='word_1_129' title='bbox 991 1917 1030 1959; x_wconf 86' lang='lat' dir='ltr'>ex</span> <span class='ocrx_word' id='word_1_130' title='bbox 1054 1894 1171 1978; x_wconf 91' lang='lat' dir='ltr'>quibus</span> 
     </span>
     <span class='ocr_line' id='line_1_20' title="bbox 155 1982 1171 2067; baseline -0.002 -19"><span class='ocrx_word' id='word_1_131' title='bbox 155 1983 191 2048; x_wconf 90' lang='lat' dir='ltr'>L.</span> <span class='ocrx_word' id='word_1_132' title='bbox 206 1982 399 2067; x_wconf 70' lang='lat' dir='ltr'>statorium,</span> <span class='ocrx_word' id='word_1_133' title='bbox 417 1983 474 2067; x_wconf 92' lang='lat' dir='ltr'>qui</span> <span class='ocrx_word' id='word_1_134' title='bbox 497 1984 626 2067; x_wconf 92' lang='lat' dir='ltr'>saepius</span> <span class='ocrx_word' id='word_1_135' title='bbox 649 1983 683 2047; x_wconf 93' lang='lat' dir='ltr'>in</span> <span class='ocrx_word' id='word_1_136' title='bbox 705 1983 810 2048; x_wconf 89' lang='lat' dir='ltr'>isdem</span> <span class='ocrx_word' id='word_1_137' title='bbox 834 1983 950 2049; x_wconf 90' lang='lat' dir='ltr'>castris</span> <span class='ocrx_word' id='word_1_138' title='bbox 969 1983 1075 2048; x_wconf 86' lang='lat' dir='ltr'>fuerat</span> <span class='ocrx_word' id='word_1_139' title='bbox 1093 1983 1171 2066; x_wconf 77' lang='lat' dir='ltr'>(et)</span> 
     </span>
    </p>

    <p class='ocr_par' dir='ltr' id='par_1_9' title="bbox 103 2071 1173 2333">
     <span class='ocr_line' id='line_1_21' title="bbox 103 2071 1173 2156; baseline -0.006 -17"><span class='ocrx_word' id='word_1_140' title='bbox 103 2091 137 2139; x_wconf 81' lang='lat'>20</span> <span class='ocrx_word' id='word_1_141' title='bbox 157 2094 253 2156; x_wconf 91' lang='lat' dir='ltr'>quem</span> <span class='ocrx_word' id='word_1_142' title='bbox 272 2072 403 2155; x_wconf 90' lang='lat' dir='ltr'>quidam</span> <span class='ocrx_word' id='word_1_143' title='bbox 423 2092 462 2135; x_wconf 84' lang='lat' dir='ltr'>ex</span> <span class='ocrx_word' id='word_1_144' title='bbox 479 2072 629 2137; x_wconf 90' lang='lat' dir='ltr'>hostibus</span> <span class='ocrx_word' id='word_1_145' title='bbox 648 2072 842 2136; x_wconf 91' lang='lat' dir='ltr'>uidebantur</span> <span class='ocrx_word' id='word_1_146' title='bbox 860 2092 1048 2156; x_wconf 83' lang='lat' dir='ltr'>agnoscere,</span> <span class='ocrx_word' id='word_1_147' title='bbox 1067 2071 1173 2137; x_wconf 87' lang='lat' dir='ltr'>occul-</span> 
     </span>
     <span class='ocr_line' id='line_1_22' title="bbox 156 2159 1172 2227; baseline 0 -4"><span class='ocrx_word' id='word_1_148' title='bbox 156 2161 276 2225; x_wconf 89' lang='lat' dir='ltr'>tandae</span> <span class='ocrx_word' id='word_1_149' title='bbox 300 2160 499 2225; x_wconf 89' lang='lat' dir='ltr'>condicionis</span> <span class='ocrx_word' id='word_1_150' title='bbox 523 2159 591 2224; x_wconf 92' lang='lat' dir='ltr'>eius</span> <span class='ocrx_word' id='word_1_151' title='bbox 615 2181 713 2225; x_wconf 90' lang='lat' dir='ltr'>causa</span> <span class='ocrx_word' id='word_1_152' title='bbox 736 2160 852 2226; x_wconf 87' lang='lat' dir='ltr'>baculo</span> <span class='ocrx_word' id='word_1_153' title='bbox 870 2166 908 2227; x_wconf 93' lang='lat' dir='ltr'>ut</span> <span class='ocrx_word' id='word_1_154' title='bbox 927 2183 1056 2226; x_wconf 87' lang='lat' dir='ltr'>seruum</span> <span class='ocrx_word' id='word_1_155' title='bbox 1075 2160 1172 2225; x_wconf 85' lang='lat' dir='ltr'>easti-</span> 
     </span>
     <span class='ocr_line' id='line_1_23' title="bbox 157 2249 257 2333; baseline 0 -20"><span class='ocrx_word' id='word_1_156' title='bbox 157 2249 257 2333; x_wconf 82' lang='lat' dir='ltr'>gauit.</span> 
     </span>
    </p>

    <p class='ocr_par' dir='ltr' id='par_1_10' title="bbox 156 2334 1173 2510">
     <span class='ocr_line' id='line_1_24' title="bbox 222 2334 1172 2423; baseline 0 -22"><span class='ocrx_word' id='word_1_157' title='bbox 222 2338 253 2401; x_wconf 88' lang='grc'>4.</span> <span class='ocrx_word' id='word_1_158' title='bbox 276 2336 470 2420; x_wconf 85' lang='lat' dir='ltr'>Tarquinius</span> <span class='ocrx_word' id='word_1_159' title='bbox 489 2334 652 2419; x_wconf 80' lang='lat' dir='ltr'>Superbus</span> <span class='ocrx_word' id='word_1_160' title='bbox 670 2341 773 2422; x_wconf 88' lang='lat' dir='ltr'>pater,</span> <span class='ocrx_word' id='word_1_161' title='bbox 792 2337 955 2423; x_wconf 89' lang='lat' dir='ltr'>principes</span> <span class='ocrx_word' id='word_1_162' title='bbox 971 2337 1172 2402; x_wconf 83' lang='lat' dir='ltr'>Gabinorum</span> 
     </span>
     <span class='ocr_line' id='line_1_25' title="bbox 156 2424 1173 2510; baseline -0.002 -20"><span class='ocrx_word' id='word_1_163' title='bbox 156 2425 395 2490; x_wconf 88' lang='lat' dir='ltr'>interficiendos</span> <span class='ocrx_word' id='word_1_164' title='bbox 415 2424 601 2510; x_wconf 86' lang='lat' dir='ltr'>arbitratus,</span> <span class='ocrx_word' id='word_1_165' title='bbox 620 2426 775 2509; x_wconf 89' lang='lat' dir='ltr'>quiahoc</span> <span class='ocrx_word' id='word_1_166' title='bbox 793 2426 917 2490; x_wconf 88' lang='lat' dir='ltr'>nemini</span> <span class='ocrx_word' id='word_1_167' title='bbox 931 2427 1067 2491; x_wconf 89' lang='lat' dir='ltr'>uolebat</span> <span class='ocrx_word' id='word_1_168' title='bbox 1084 2446 1173 2489; x_wconf 90' lang='lat' dir='ltr'>eom-</span> 
     </span>
    </p>

    <p class='ocr_par' dir='ltr' id='par_1_11' title="bbox 103 2514 1172 2688">
     <span class='ocr_line' id='line_1_26' title="bbox 103 2514 1171 2599; baseline -0.001 -19"><span class='ocrx_word' id='word_1_169' title='bbox 103 2530 137 2580; x_wconf 81' lang='lat'>25</span> <span class='ocrx_word' id='word_1_170' title='bbox 158 2516 307 2599; x_wconf 84' lang='lat' dir='ltr'>missum,</span> <span class='ocrx_word' id='word_1_171' title='bbox 339 2514 423 2578; x_wconf 91' lang='lat' dir='ltr'>nihil</span> <span class='ocrx_word' id='word_1_172' title='bbox 450 2515 566 2581; x_wconf 89' lang='lat' dir='ltr'>nuntio</span> <span class='ocrx_word' id='word_1_173' title='bbox 594 2514 775 2597; x_wconf 87' lang='lat' dir='ltr'>respondit,</span> <span class='ocrx_word' id='word_1_174' title='bbox 804 2515 859 2598; x_wconf 93' lang='lat' dir='ltr'>qui</span> <span class='ocrx_word' id='word_1_175' title='bbox 887 2515 926 2579; x_wconf 90' lang='lat' dir='ltr'>ad</span> <span class='ocrx_word' id='word_1_176' title='bbox 955 2536 1028 2579; x_wconf 90' lang='lat' dir='ltr'>eum</span> <span class='ocrx_word' id='word_1_177' title='bbox 1056 2537 1075 2578; x_wconf 92' lang='lat' dir='ltr'>a</span> <span class='ocrx_word' id='word_1_178' title='bbox 1101 2514 1171 2579; x_wconf 90' lang='lat' dir='ltr'>filio</span> 
     </span>
     <span class='ocr_line' id='line_1_27' title="bbox 157 2602 1172 2688; baseline -0.001 -20"><span class='ocrx_word' id='word_1_179' title='bbox 157 2607 228 2668; x_wconf 90' lang='lat' dir='ltr'>erat</span> <span class='ocrx_word' id='word_1_180' title='bbox 241 2603 375 2687; x_wconf 82' lang='lat' dir='ltr'>missus3</span> <span class='ocrx_word' id='word_1_181' title='bbox 394 2607 522 2669; x_wconf 91' lang='lat' dir='ltr'>tantum</span> <span class='ocrx_word' id='word_1_182' title='bbox 537 2602 631 2687; x_wconf 83' lang='lat' dir='ltr'>uirga</span> <span class='ocrx_word' id='word_1_183' title='bbox 645 2602 821 2668; x_wconf 90' lang='lat' dir='ltr'>eminentia</span> <span class='ocrx_word' id='word_1_184' title='bbox 838 2625 1039 2688; x_wconf 89' lang='lat' dir='ltr'>papauerum</span> <span class='ocrx_word' id='word_1_185' title='bbox 1054 2603 1172 2687; x_wconf 87' lang='lat' dir='ltr'>capita,</span> 
     </span>
    </p>
   </div>
   <div class='ocr_carea' id='block_1_5' title="bbox 156 2793 1175 3574">
    <p class='ocr_par' dir='ltr' id='par_1_12' title="bbox 156 2793 1175 3574">
     <span class='ocr_line' id='line_1_28' title="bbox 230 2793 1173 2864; baseline -0.001 -15"><span class='ocrx_word' id='word_1_186' title='bbox 230 2802 244 2849; x_wconf 92' lang='lat'>1</span> <span class='ocrx_word' id='word_1_187' title='bbox 265 2795 389 2850; x_wconf 89' lang='lat' dir='ltr'>oeculdis</span> <span class='ocrx_word' id='word_1_188' title='bbox 407 2794 452 2847; x_wconf 83' lang='lat' dir='ltr'>H1</span> <span class='ocrx_word' id='word_1_189' title='bbox 472 2796 476 2862; x_wconf 95' lang='grc'>1</span> <span class='ocrx_word' id='word_1_190' title='bbox 501 2799 517 2848; x_wconf 84' lang='grc'>3</span> <span class='ocrx_word' id='word_1_191' title='bbox 537 2795 736 2850; x_wconf 82' lang='lat' dir='ltr'>existimabant</span> <span class='ocrx_word' id='word_1_192' title='bbox 753 2795 788 2848; x_wconf 88' lang='lat' dir='ltr'><strong><em>H</em></strong></span> <span class='ocrx_word' id='word_1_193' title='bbox 803 2800 866 2850; x_wconf 81' lang='lat' dir='ltr'>cate</span> <span class='ocrx_word' id='word_1_194' title='bbox 884 2811 938 2850; x_wconf 84' lang='lat' dir='ltr'>ras.</span> <span class='ocrx_word' id='word_1_195' title='bbox 960 2797 965 2864; x_wconf 95' lang='grc'>1</span> <span class='ocrx_word' id='word_1_196' title='bbox 990 2800 1006 2849; x_wconf 83' lang='lat'><strong>5</strong></span> <span class='ocrx_word' id='word_1_197' title='bbox 1026 2793 1173 2864; x_wconf 85' lang='lat' dir='ltr'>epistolas-</span> 
     </span>
     <span class='ocr_line' id='line_1_29' title="bbox 157 2865 1173 2936; baseline -0.001 -16"><span class='ocrx_word' id='word_1_198' title='bbox 157 2881 211 2934; x_wconf 88' lang='lat' dir='ltr'>que</span> <span class='ocrx_word' id='word_1_199' title='bbox 230 2865 275 2932; x_wconf 92' lang='lat' dir='ltr'>H,</span> <span class='ocrx_word' id='word_1_200' title='bbox 300 2866 348 2921; x_wconf 82' lang='lat' dir='ltr'>sed</span> <span class='ocrx_word' id='word_1_201' title='bbox 365 2866 412 2921; x_wconf 80' lang='lat' dir='ltr'>alt.</span> <span class='ocrx_word' id='word_1_202' title='bbox 432 2882 447 2920; x_wconf 90' lang='lat' dir='ltr'>e</span> <span class='ocrx_word' id='word_1_203' title='bbox 465 2868 498 2921; x_wconf 83' lang='lat' dir='ltr'>ia</span> <span class='ocrx_word' id='word_1_204' title='bbox 515 2882 570 2922; x_wconf 82' lang='lat' dir='ltr'>ros.</span> <span class='ocrx_word' id='word_1_205' title='bbox 590 2867 710 2921; x_wconf 80' lang='lat' dir='ltr'>ducrum</span> <span class='ocrx_word' id='word_1_206' title='bbox 728 2866 779 2921; x_wconf 77' lang='lat' dir='ltr'>zia.</span> <span class='ocrx_word' id='word_1_207' title='bbox 799 2867 818 2920; x_wconf 76' lang='lat' dir='ltr'>b</span> <span class='ocrx_word' id='word_1_208' title='bbox 842 2867 847 2934; x_wconf 97' lang='grc'>1</span> <span class='ocrx_word' id='word_1_209' title='bbox 877 2871 892 2919; x_wconf 79' lang='grc'><strong>7</strong></span> <span class='ocrx_word' id='word_1_210' title='bbox 912 2881 1113 2936; x_wconf 86' lang='lat' dir='ltr'>unaquaequae</span> <span class='ocrx_word' id='word_1_211' title='bbox 1132 2865 1173 2932; x_wconf 88' lang='lat' dir='ltr'>H,</span> 
     </span>
     <span class='ocr_line' id='line_1_30' title="bbox 156 2935 1174 3007; baseline -0.002 -15"><span class='ocrx_word' id='word_1_212' title='bbox 156 2938 203 2992; x_wconf 84' lang='lat' dir='ltr'>sed</span> <span class='ocrx_word' id='word_1_213' title='bbox 216 2938 298 3004; x_wconf 78' lang='lat' dir='ltr'>prior</span> <span class='ocrx_word' id='word_1_214' title='bbox 317 2954 332 2991; x_wconf 89' lang='lat' dir='ltr'>s</span> <span class='ocrx_word' id='word_1_215' title='bbox 350 2937 383 2992; x_wconf 81' lang='lat' dir='ltr'>ia</span> <span class='ocrx_word' id='word_1_216' title='bbox 400 2953 455 2992; x_wconf 84' lang='lat' dir='ltr'>ras.</span> <span class='ocrx_word' id='word_1_217' title='bbox 473 2938 512 3007; x_wconf 75' lang='lat' dir='ltr'>bl</span> <span class='ocrx_word' id='word_1_218' title='bbox 535 2936 624 2991; x_wconf 88' lang='lat' dir='ltr'>credit</span> <span class='ocrx_word' id='word_1_219' title='bbox 644 2935 727 3003; x_wconf 73' lang='lat' dir='ltr'>GH!</span> <span class='ocrx_word' id='word_1_220' title='bbox 743 2938 852 3007; x_wconf 81' lang='lat' dir='ltr'>aliquid</span> <span class='ocrx_word' id='word_1_221' title='bbox 869 2937 914 2992; x_wconf 81' lang='lat' dir='ltr'>bie</span> <span class='ocrx_word' id='word_1_222' title='bbox 932 2938 1064 2992; x_wconf 82' lang='lat' dir='ltr'>excidisse</span> <span class='ocrx_word' id='word_1_223' title='bbox 1081 2938 1174 2991; x_wconf 81' lang='lat' dir='ltr'>imme·</span> 
     </span>
     <span class='ocr_line' id='line_1_31' title="bbox 157 3005 1174 3079; baseline -0.003 -16"><span class='ocrx_word' id='word_1_224' title='bbox 157 3010 211 3064; x_wconf 83' lang='lat' dir='ltr'>rito</span> <span class='ocrx_word' id='word_1_225' title='bbox 229 3008 546 3078; x_wconf 73' lang='lat' dir='ltr'>suspicatarOud.110</span> <span class='ocrx_word' id='word_1_226' title='bbox 565 3005 707 3062; x_wconf 86' lang='lat' dir='ltr'>Himilcho</span> <span class='ocrx_word' id='word_1_227' title='bbox 726 3007 753 3062; x_wconf 84' lang='lat' dir='ltr'><em>G</em></span> <span class='ocrx_word' id='word_1_228' title='bbox 768 3007 773 3079; x_wconf 94' lang='grc'>1</span> <span class='ocrx_word' id='word_1_229' title='bbox 788 3006 942 3078; x_wconf 84' lang='lat' dir='ltr'>inopinatis</span> <span class='ocrx_word' id='word_1_230' title='bbox 960 3008 1025 3078; x_wconf 76' lang='lat' dir='ltr'>H¹l</span> <span class='ocrx_word' id='word_1_231' title='bbox 1049 3014 1081 3062; x_wconf 92' lang='lat'>11</span> <span class='ocrx_word' id='word_1_232' title='bbox 1101 3007 1174 3061; x_wconf 87' lang='lat' dir='ltr'>clas·</span> 
     </span>
     <span class='ocr_line' id='line_1_32' title="bbox 157 3077 1175 3149; baseline -0.002 -14"><span class='ocrx_word' id='word_1_233' title='bbox 157 3079 252 3135; x_wconf 81' lang='lat' dir='ltr'>semG</span> <span class='ocrx_word' id='word_1_234' title='bbox 271 3079 384 3134; x_wconf 87' lang='lat' dir='ltr'>classim</span> <span class='ocrx_word' id='word_1_235' title='bbox 398 3079 426 3133; x_wconf 92' lang='lat' dir='ltr'><strong><em>P</em></strong></span> <span class='ocrx_word' id='word_1_236' title='bbox 443 3077 606 3149; x_wconf 88' lang='lat' dir='ltr'>appelleret.</span> <span class='ocrx_word' id='word_1_237' title='bbox 621 3077 705 3133; x_wconf 88' lang='lat' dir='ltr'>classi</span> <span class='ocrx_word' id='word_1_238' title='bbox 719 3079 794 3133; x_wconf 90' lang='lat' dir='ltr'>enim</span> <span class='ocrx_word' id='word_1_239' title='bbox 807 3094 864 3134; x_wconf 90' lang='lat' dir='ltr'>non</span> <span class='ocrx_word' id='word_1_240' title='bbox 873 3080 908 3133; x_wconf 93' lang='lat' dir='ltr'><strong><em>H</em></strong></span> <span class='ocrx_word' id='word_1_241' title='bbox 919 3082 924 3145; x_wconf 96' lang='grc' dir='ltr'>Ι</span> <span class='ocrx_word' id='word_1_242' title='bbox 942 3086 975 3134; x_wconf 87' lang='grc'>14</span> <span class='ocrx_word' id='word_1_243' title='bbox 989 3078 1175 3148; x_wconf 80' lang='lat' dir='ltr'>te&#39;mpeiasiet</span> 
     </span>
     <span class='ocr_line' id='line_1_33' title="bbox 156 3149 1173 3275; baseline -0.002 -70"><span class='ocrx_word' id='word_1_244' title='bbox 156 3150 337 3220; x_wconf 84' lang='lat' dir='ltr'>tempestatis</span> <span class='ocrx_word' id='word_1_245' title='bbox 357 3149 409 3275; x_wconf 50' lang='lat' dir='ltr'>(ip</span> <span class='ocrx_word' id='word_1_246' title='bbox 438 3157 471 3205; x_wconf 85' lang='lat'>16</span> <span class='ocrx_word' id='word_1_247' title='bbox 494 3150 604 3218; x_wconf 86' lang='lat' dir='ltr'>legatos</span> <span class='ocrx_word' id='word_1_248' title='bbox 622 3150 697 3218; x_wconf 83' lang='grc' dir='ltr'>ΗΡ,</span> <span class='ocrx_word' id='word_1_249' title='bbox 721 3153 828 3206; x_wconf 69' lang='lat' dir='ltr'>corad</span> <span class='ocrx_word' id='word_1_250' title='bbox 854 3151 965 3221; x_wconf 82' lang='lat' dir='ltr'>legatus</span> <span class='ocrx_word' id='word_1_251' title='bbox 988 3150 1079 3206; x_wconf 88' lang='lat' dir='ltr'>lectos</span> <span class='ocrx_word' id='word_1_252' title='bbox 1101 3149 1173 3204; x_wconf 73' lang='lat' dir='ltr'>Orod.</span> 
     </span>
     <span class='ocr_line' id='line_1_34' title="bbox 159 3219 1152 3292; baseline -0.001 -17"><span class='ocrx_word' id='word_1_253' title='bbox 159 3222 218 3275; x_wconf 84' lang='lat' dir='ltr'>coll.</span> <span class='ocrx_word' id='word_1_254' title='bbox 233 3227 259 3287; x_wconf 90' lang='lat'>1,</span> <span class='ocrx_word' id='word_1_255' title='bbox 269 3226 324 3288; x_wconf 76' lang='lat'>2‚1</span> <span class='ocrx_word' id='word_1_256' title='bbox 343 3226 369 3277; x_wconf 87' lang='lat' dir='ltr'>et</span> <span class='ocrx_word' id='word_1_257' title='bbox 410 3222 561 3290; x_wconf 71' lang='lat' dir='ltr'>iu.30,41</span> <span class='ocrx_word' id='word_1_258' title='bbox 579 3226 611 3276; x_wconf 83' lang='grc'>17</span> <span class='ocrx_word' id='word_1_259' title='bbox 632 3221 679 3292; x_wconf 84' lang='lat' dir='ltr'>ex]</span> <span class='ocrx_word' id='word_1_260' title='bbox 699 3222 760 3275; x_wconf 83' lang='lat' dir='ltr'>es&#39;c</span> <span class='ocrx_word' id='word_1_261' title='bbox 774 3238 828 3278; x_wconf 85' lang='lat' dir='ltr'>ros.</span> <span class='ocrx_word' id='word_1_262' title='bbox 841 3223 962 3277; x_wconf 81' lang='lat' dir='ltr'>ducrum</span> <span class='ocrx_word' id='word_1_263' title='bbox 975 3222 1027 3277; x_wconf 74' lang='lat' dir='ltr'>litt.</span> <span class='ocrx_word' id='word_1_264' title='bbox 1042 3223 1061 3276; x_wconf 76' lang='lat' dir='ltr'>b</span> <span class='ocrx_word' id='word_1_265' title='bbox 1079 3222 1107 3275; x_wconf 91' lang='lat' dir='ltr'>et</span> <span class='ocrx_word' id='word_1_266' title='bbox 1124 3219 1152 3273; x_wconf 94' lang='lat' dir='ltr'><em>P</em></span> 
     </span>
     <span class='ocr_line' id='line_1_35' title="bbox 159 3291 1149 3362; baseline 0.001 -18"><span class='ocrx_word' id='word_1_267' title='bbox 159 3297 192 3344; x_wconf 85' lang='lat'>19</span> <span class='ocrx_word' id='word_1_268' title='bbox 211 3291 241 3345; x_wconf 84' lang='lat' dir='ltr'>L.</span> <span class='ocrx_word' id='word_1_269' title='bbox 254 3297 317 3360; x_wconf 83' lang='lat' dir='ltr'>post</span> <span class='ocrx_word' id='word_1_270' title='bbox 330 3308 384 3348; x_wconf 84' lang='lat' dir='ltr'>ras.</span> <span class='ocrx_word' id='word_1_271' title='bbox 395 3294 480 3347; x_wconf 81' lang='lat' dir='ltr'>anius</span> <span class='ocrx_word' id='word_1_272' title='bbox 493 3291 647 3362; x_wconf 73' lang='lat' dir='ltr'>litteraris!</span> <span class='ocrx_word' id='word_1_273' title='bbox 668 3292 836 3358; x_wconf 78' lang='lat' dir='ltr'>sta{torium</span> <span class='ocrx_word' id='word_1_274' title='bbox 853 3296 925 3361; x_wconf 75' lang='lat' dir='ltr'>(uno</span> <span class='ocrx_word' id='word_1_275' title='bbox 938 3293 988 3348; x_wconf 83' lang='lat' dir='ltr'>litt.</span> <span class='ocrx_word' id='word_1_276' title='bbox 1006 3295 1097 3358; x_wconf 73' lang='lat' dir='ltr'>cresc)</span> <span class='ocrx_word' id='word_1_277' title='bbox 1113 3292 1149 3345; x_wconf 93' lang='lat' dir='ltr'><strong><em>H</em></strong></span> 
     </span>
     <span class='ocr_line' id='line_1_36' title="bbox 158 3361 1174 3432; baseline 0.001 -17"><span class='ocrx_word' id='word_1_278' title='bbox 158 3361 207 3429; x_wconf 91' lang='lat' dir='ltr'>qui</span> <span class='ocrx_word' id='word_1_279' title='bbox 221 3361 303 3417; x_wconf 78' lang='lat' dir='ltr'>Goets</span> <span class='ocrx_word' id='word_1_280' title='bbox 322 3362 390 3432; x_wconf 88' lang='lat' dir='ltr'>quia</span> <span class='ocrx_word' id='word_1_281' title='bbox 403 3363 467 3418; x_wconf 88' lang='grc' dir='ltr'>ΗΡ</span> <span class='ocrx_word' id='word_1_282' title='bbox 488 3365 493 3432; x_wconf 97' lang='grc'>1</span> <span class='ocrx_word' id='word_1_283' title='bbox 519 3364 548 3416; x_wconf 91' lang='lat' dir='ltr'>et</span> <span class='ocrx_word' id='word_1_284' title='bbox 565 3363 629 3418; x_wconf 83' lang='lat' dir='ltr'>odd.</span> <span class='ocrx_word' id='word_1_285' title='bbox 645 3364 664 3418; x_wconf 86' lang='lat' dir='ltr'>d</span> <span class='ocrx_word' id='word_1_286' title='bbox 686 3379 782 3432; x_wconf 88' lang='lat' dir='ltr'>quem,</span> <span class='ocrx_word' id='word_1_287' title='bbox 802 3365 869 3431; x_wconf 89' lang='lat' dir='ltr'>quia</span> <span class='ocrx_word' id='word_1_288' title='bbox 883 3393 917 3404; x_wconf 56' lang='grc' dir='ltr'>ω</span> <span class='ocrx_word' id='word_1_289' title='bbox 931 3362 1036 3432; x_wconf 88' lang='lat' dir='ltr'>fuerat,</span> <span class='ocrx_word' id='word_1_290' title='bbox 1056 3362 1174 3431; x_wconf 90' lang='lat' dir='ltr'>quidam</span> 
     </span>
     <span class='ocr_line' id='line_1_37' title="bbox 159 3433 1171 3505; baseline 0.001 -18"><span class='ocrx_word' id='word_1_291' title='bbox 159 3433 229 3487; x_wconf 81' lang='lat' dir='ltr'>Oud.</span> <span class='ocrx_word' id='word_1_292' title='bbox 255 3440 260 3502; x_wconf 91' lang='grc'>1</span> <span class='ocrx_word' id='word_1_293' title='bbox 285 3439 319 3488; x_wconf 79' lang='lat'>23</span> <span class='ocrx_word' id='word_1_294' title='bbox 337 3434 468 3504; x_wconf 89' lang='lat' dir='ltr'>princeps</span> <span class='ocrx_word' id='word_1_295' title='bbox 486 3435 521 3489; x_wconf 93' lang='lat' dir='ltr'><strong><em>H</em></strong></span> <span class='ocrx_word' id='word_1_296' title='bbox 536 3439 599 3489; x_wconf 83' lang='lat' dir='ltr'>cate</span> <span class='ocrx_word' id='word_1_297' title='bbox 617 3449 685 3490; x_wconf 85' lang='lat' dir='ltr'>corr.</span> <span class='ocrx_word' id='word_1_298' title='bbox 711 3436 716 3504; x_wconf 95' lang='grc'>1</span> <span class='ocrx_word' id='word_1_299' title='bbox 741 3435 903 3490; x_wconf 90' lang='lat' dir='ltr'>sabinorum</span> <span class='ocrx_word' id='word_1_300' title='bbox 924 3434 1019 3502; x_wconf 83' lang='lat' dir='ltr'>cHP,</span> <span class='ocrx_word' id='word_1_301' title='bbox 1038 3450 1106 3491; x_wconf 85' lang='lat' dir='ltr'>corr.</span> <span class='ocrx_word' id='word_1_302' title='bbox 1126 3434 1146 3488; x_wconf 82' lang='lat' dir='ltr'>d</span> <span class='ocrx_word' id='word_1_303' title='bbox 1168 3435 1171 3505; x_wconf 96' lang='grc'>1</span> 
     </span>
     <span class='ocr_line' id='line_1_38' title="bbox 158 3503 510 3574; baseline 0.011 -17"><span class='ocrx_word' id='word_1_304' title='bbox 158 3510 192 3559; x_wconf 82' lang='grc'>26</span> <span class='ocrx_word' id='word_1_305' title='bbox 212 3503 266 3558; x_wconf 88' lang='lat' dir='ltr'>erit</span> <span class='ocrx_word' id='word_1_306' title='bbox 279 3503 324 3558; x_wconf 88' lang='lat' dir='ltr'>H¹</span> <span class='ocrx_word' id='word_1_307' title='bbox 348 3507 353 3574; x_wconf 96' lang='grc'>1</span> <span class='ocrx_word' id='word_1_308' title='bbox 377 3507 472 3561; x_wconf 88' lang='lat' dir='ltr'>tamen</span> <span class='ocrx_word' id='word_1_309' title='bbox 490 3507 510 3561; x_wconf 84' lang='lat' dir='ltr'>d</span> 
     </span>
    </p>
   </div>
   <div class='ocr_carea' id='block_1_6' title="bbox 0 0 1243 3832">
    <p class='ocr_par' dir='ltr' id='par_1_13' title="bbox 0 0 1243 3832">
     <span class='ocr_line' id='line_1_39' title="bbox 0 0 1243 3832; baseline 0 0"><span class='ocrx_word' id='word_1_310' title='bbox 0 0 1243 3832; x_wconf 95' lang='lat' dir='ltr'> </span> 
     </span>
    </p>
   </div>
  </div>
 </body>
</html>
