<?xml version="1.0" encoding="UTF-8"?>
<!DOCTYPE html PUBLIC "-//W3C//DTD XHTML 1.0 Transitional//EN"
    "http://www.w3.org/TR/xhtml1/DTD/xhtml1-transitional.dtd">
<html xmlns="http://www.w3.org/1999/xhtml" xml:lang="en" lang="en">
 <head>
  <title>
</title>
<meta http-equiv="Content-Type" content="text/html;charset=utf-8" />
  <meta name='ocr-system' content='tesseract 3.04.00' />
  <meta name='ocr-capabilities' content='ocr_page ocr_carea ocr_par ocr_line ocrx_word'/>
</head>
<body>
  <div class='ocr_page' id='page_1' title='image "./ivlifrontinistr01gundgoog_0094.png"; bbox 0 0 2468 3832; ppageno 0'>
   <div class='ocr_carea' id='block_1_1' title="bbox 473 129 1137 196">
    <p class='ocr_par' dir='ltr' id='par_1_1' title="bbox 473 129 1137 196">
     <span class='ocr_line' id='line_1_1' title="bbox 473 129 1137 196; baseline 0.002 -11"><span class='ocrx_word' id='word_1_1' title='bbox 473 131 585 186; x_wconf 80' lang='lat' dir='ltr'>LIBER</span> <span class='ocrx_word' id='word_1_2' title='bbox 602 131 637 187; x_wconf 89' lang='lat' dir='ltr'>II.</span> <span class='ocrx_word' id='word_1_3' title='bbox 666 129 743 186; x_wconf 80' lang='lat' dir='ltr'>cAP.</span> <span class='ocrx_word' id='word_1_4' title='bbox 763 135 788 186; x_wconf 80' lang='lat' dir='ltr'>t.</span> <span class='ocrx_word' id='word_1_5' title='bbox 1095 131 1137 196; x_wconf 83' lang='lat'>69</span> 
     </span>
    </p>
   </div>
   <div class='ocr_carea' id='block_1_2' title="bbox 121 293 1196 2682">
    <p class='ocr_par' dir='ltr' id='par_1_2' title="bbox 123 293 1174 893">
     <span class='ocr_line' id='line_1_2' title="bbox 123 293 1138 379; baseline -0.001 -20"><span class='ocrx_word' id='word_1_6' title='bbox 123 295 192 379; x_wconf 89' lang='lat' dir='ltr'>ipse</span> <span class='ocrx_word' id='word_1_7' title='bbox 225 293 328 359; x_wconf 82' lang='lat' dir='ltr'>aciem</span> <span class='ocrx_word' id='word_1_8' title='bbox 364 294 580 358; x_wconf 70' lang='lat' dir='ltr'>instruxerat:</span> <span class='ocrx_word' id='word_1_9' title='bbox 618 315 699 377; x_wconf 91' lang='lat' dir='ltr'>quos</span> <span class='ocrx_word' id='word_1_10' title='bbox 731 315 804 358; x_wconf 91' lang='lat' dir='ltr'>cum</span> <span class='ocrx_word' id='word_1_11' title='bbox 837 293 969 359; x_wconf 89' lang='lat' dir='ltr'>barbari</span> <span class='ocrx_word' id='word_1_12' title='bbox 1000 294 1138 360; x_wconf 90' lang='lat' dir='ltr'>insecuti</span> 
     </span>
     <span class='ocr_line' id='line_1_3' title="bbox 123 382 1137 467; baseline 0.002 -19"><span class='ocrx_word' id='word_1_13' title='bbox 123 388 245 466; x_wconf 80' lang='lat' dir='ltr'>essent,</span> <span class='ocrx_word' id='word_1_14' title='bbox 274 382 381 467; x_wconf 90' lang='lat' dir='ltr'>equite</span> <span class='ocrx_word' id='word_1_15' title='bbox 408 383 576 448; x_wconf 79' lang='lat' dir='ltr'>recedente</span> <span class='ocrx_word' id='word_1_16' title='bbox 603 382 637 447; x_wconf 94' lang='lat' dir='ltr'>in</span> <span class='ocrx_word' id='word_1_17' title='bbox 665 404 800 467; x_wconf 88' lang='lat' dir='ltr'>cornua,</span> <span class='ocrx_word' id='word_1_18' title='bbox 828 383 937 448; x_wconf 89' lang='lat' dir='ltr'>subito</span> <span class='ocrx_word' id='word_1_19' title='bbox 965 382 1050 449; x_wconf 88' lang='lat' dir='ltr'>acies</span> <span class='ocrx_word' id='word_1_20' title='bbox 1074 382 1137 450; x_wconf 84' lang='lat' dir='ltr'>Ro·</span> 
     </span>
     <span class='ocr_line' id='line_1_4' title="bbox 123 469 1138 556; baseline 0.002 -20"><span class='ocrx_word' id='word_1_21' title='bbox 123 494 220 537; x_wconf 90' lang='lat' dir='ltr'>mana</span> <span class='ocrx_word' id='word_1_22' title='bbox 251 471 407 556; x_wconf 89' lang='lat' dir='ltr'>adaperta</span> <span class='ocrx_word' id='word_1_23' title='bbox 429 494 501 537; x_wconf 93' lang='lat' dir='ltr'>cum</span> <span class='ocrx_word' id='word_1_24' title='bbox 525 472 666 537; x_wconf 88' lang='lat' dir='ltr'>clamore</span> <span class='ocrx_word' id='word_1_25' title='bbox 688 471 859 556; x_wconf 89' lang='lat' dir='ltr'>procurrit.</span> <span class='ocrx_word' id='word_1_26' title='bbox 898 469 1020 536; x_wconf 84' lang='lat' dir='ltr'>XXXV</span> <span class='ocrx_word' id='word_1_27' title='bbox 1047 472 1138 539; x_wconf 88' lang='lat' dir='ltr'>milia</span> 
     </span>
     <span class='ocr_line' id='line_1_5' title="bbox 124 560 1138 645; baseline 0.001 -19"><span class='ocrx_word' id='word_1_28' title='bbox 124 563 323 626; x_wconf 88' lang='lat' dir='ltr'>armatorum</span> <span class='ocrx_word' id='word_1_29' title='bbox 356 582 394 626; x_wconf 88' lang='lat' dir='ltr'>eo</span> <span class='ocrx_word' id='word_1_30' title='bbox 426 562 550 645; x_wconf 89' lang='lat' dir='ltr'>proelio</span> <span class='ocrx_word' id='word_1_31' title='bbox 582 561 753 626; x_wconf 84' lang='lat' dir='ltr'>interfecta</span> <span class='ocrx_word' id='word_1_32' title='bbox 787 581 860 625; x_wconf 90' lang='lat' dir='ltr'>cum</span> <span class='ocrx_word' id='word_1_33' title='bbox 891 561 972 642; x_wconf 88' lang='lat' dir='ltr'>ipsis</span> <span class='ocrx_word' id='word_1_34' title='bbox 1003 560 1138 627; x_wconf 91' lang='lat' dir='ltr'>ducibus</span> 
     </span>
     <span class='ocr_line' id='line_1_6' title="bbox 124 648 1174 735; baseline 0.002 -23"><span class='ocrx_word' id='word_1_35' title='bbox 124 648 235 714; x_wconf 88' lang='lat' dir='ltr'>Liuius</span> <span class='ocrx_word' id='word_1_36' title='bbox 254 649 363 733; x_wconf 83' lang='lat' dir='ltr'>tradit,</span> <span class='ocrx_word' id='word_1_37' title='bbox 381 653 527 734; x_wconf 87' lang='lat' dir='ltr'>receptas</span> <span class='ocrx_word' id='word_1_38' title='bbox 547 650 686 735; x_wconf 87' lang='lat' dir='ltr'>quinque</span> <span class='ocrx_word' id='word_1_39' title='bbox 705 649 870 715; x_wconf 86' lang='lat' dir='ltr'>Romanas</span> <span class='ocrx_word' id='word_1_40' title='bbox 890 649 1025 734; x_wconf 90' lang='lat' dir='ltr'>aquilas,</span> <span class='ocrx_word' id='word_1_41' title='bbox 1045 649 1139 734; x_wconf 79' lang='lat' dir='ltr'>signa</span> <span class='ocrx_word' id='word_1_42' title='bbox 1158 663 1174 713; x_wconf 80' lang='lat'><strong>5</strong></span> 
     </span>
     <span class='ocr_line' id='line_1_7' title="bbox 125 737 1138 824; baseline 0 -22"><span class='ocrx_word' id='word_1_43' title='bbox 125 759 181 803; x_wconf 88' lang='lat' dir='ltr'>sex</span> <span class='ocrx_word' id='word_1_44' title='bbox 204 742 236 803; x_wconf 91' lang='lat' dir='ltr'>et</span> <span class='ocrx_word' id='word_1_45' title='bbox 258 737 333 822; x_wconf 87' lang='lat' dir='ltr'>XX,</span> <span class='ocrx_word' id='word_1_46' title='bbox 360 739 465 804; x_wconf 90' lang='lat' dir='ltr'>multa</span> <span class='ocrx_word' id='word_1_47' title='bbox 492 739 611 824; x_wconf 87' lang='lat' dir='ltr'>spolia,</span> <span class='ocrx_word' id='word_1_48' title='bbox 639 739 726 804; x_wconf 92' lang='lat' dir='ltr'>inter</span> <span class='ocrx_word' id='word_1_49' title='bbox 754 760 837 823; x_wconf 91' lang='lat' dir='ltr'>quac</span> <span class='ocrx_word' id='word_1_50' title='bbox 865 738 1007 823; x_wconf 88' lang='lat' dir='ltr'>quinque</span> <span class='ocrx_word' id='word_1_51' title='bbox 1034 737 1138 804; x_wconf 85' lang='lat' dir='ltr'>fasces</span> 
     </span>
     <span class='ocr_line' id='line_1_8' title="bbox 124 828 395 893; baseline -0.007 0"><span class='ocrx_word' id='word_1_52' title='bbox 124 849 196 893; x_wconf 90' lang='lat' dir='ltr'>cum</span> <span class='ocrx_word' id='word_1_53' title='bbox 218 828 395 892; x_wconf 79' lang='lat' dir='ltr'>securibus.</span> 
     </span>
    </p>

    <p class='ocr_par' dir='ltr' id='par_1_3' title="bbox 123 913 1192 1353">
     <span class='ocr_line' id='line_1_9' title="bbox 189 913 1138 1000; baseline -0.003 -18"><span class='ocrx_word' id='word_1_54' title='bbox 189 916 242 981; x_wconf 79' lang='lat'>35.</span> <span class='ocrx_word' id='word_1_55' title='bbox 266 915 301 982; x_wconf 81' lang='grc' dir='ltr'>Ο.</span> <span class='ocrx_word' id='word_1_56' title='bbox 315 915 447 982; x_wconf 76' lang='lat' dir='ltr'>Cassius</span> <span class='ocrx_word' id='word_1_57' title='bbox 466 917 502 981; x_wconf 91' lang='lat' dir='ltr'>in</span> <span class='ocrx_word' id='word_1_58' title='bbox 516 913 613 1000; x_wconf 86' lang='lat' dir='ltr'>Syria</span> <span class='ocrx_word' id='word_1_59' title='bbox 631 914 786 981; x_wconf 89' lang='lat' dir='ltr'>aduersus</span> <span class='ocrx_word' id='word_1_60' title='bbox 803 915 945 981; x_wconf 86' lang='lat' dir='ltr'>Parthos</span> <span class='ocrx_word' id='word_1_61' title='bbox 964 915 1138 998; x_wconf 86' lang='lat' dir='ltr'>ducemque</span> 
     </span>
     <span class='ocr_line' id='line_1_10' title="bbox 123 1003 1138 1090; baseline 0 -21"><span class='ocrx_word' id='word_1_62' title='bbox 123 1003 294 1087; x_wconf 83' lang='lat' dir='ltr'>&lt;0&gt;sacen</span> <span class='ocrx_word' id='word_1_63' title='bbox 317 1005 460 1089; x_wconf 80' lang='lat' dir='ltr'>equitem</span> <span class='ocrx_word' id='word_1_64' title='bbox 484 1004 626 1069; x_wconf 87' lang='lat' dir='ltr'>ostendit</span> <span class='ocrx_word' id='word_1_65' title='bbox 649 1027 669 1070; x_wconf 89' lang='lat' dir='ltr'>a</span> <span class='ocrx_word' id='word_1_66' title='bbox 690 1004 812 1088; x_wconf 81' lang='lat' dir='ltr'>fronte,</span> <span class='ocrx_word' id='word_1_67' title='bbox 834 1026 907 1071; x_wconf 90' lang='lat' dir='ltr'>cum</span> <span class='ocrx_word' id='word_1_68' title='bbox 929 1008 1060 1090; x_wconf 80' lang='lat' dir='ltr'>atergo</span> <span class='ocrx_word' id='word_1_69' title='bbox 1084 1025 1138 1087; x_wconf 76' lang='lat' dir='ltr'>pe</span> 
     </span>
     <span class='ocr_line' id='line_1_11' title="bbox 123 1093 1192 1178; baseline 0.005 -22"><span class='ocrx_word' id='word_1_70' title='bbox 123 1093 224 1158; x_wconf 87' lang='lat' dir='ltr'>ditem</span> <span class='ocrx_word' id='word_1_71' title='bbox 257 1094 291 1157; x_wconf 93' lang='lat' dir='ltr'>in</span> <span class='ocrx_word' id='word_1_72' title='bbox 325 1094 519 1178; x_wconf 83' lang='lat' dir='ltr'>confragoso</span> <span class='ocrx_word' id='word_1_73' title='bbox 551 1093 622 1157; x_wconf 90' lang='lat' dir='ltr'>loco</span> <span class='ocrx_word' id='word_1_74' title='bbox 656 1093 870 1176; x_wconf 71' lang='lat' dir='ltr'>occultasset:</span> <span class='ocrx_word' id='word_1_75' title='bbox 898 1093 972 1158; x_wconf 91' lang='lat' dir='ltr'>dein</span> <span class='ocrx_word' id='word_1_76' title='bbox 1005 1093 1138 1160; x_wconf 85' lang='lat' dir='ltr'>cedente</span> <span class='ocrx_word' id='word_1_77' title='bbox 1158 1108 1192 1161; x_wconf 85' lang='lat'>10</span> 
     </span>
     <span class='ocr_line' id='line_1_12' title="bbox 124 1181 1138 1265; baseline 0 -20"><span class='ocrx_word' id='word_1_78' title='bbox 124 1182 272 1265; x_wconf 90' lang='lat' dir='ltr'>equitatu</span> <span class='ocrx_word' id='word_1_79' title='bbox 296 1185 328 1245; x_wconf 88' lang='lat' dir='ltr'>et</span> <span class='ocrx_word' id='word_1_80' title='bbox 351 1202 409 1265; x_wconf 90' lang='lat' dir='ltr'>per</span> <span class='ocrx_word' id='word_1_81' title='bbox 432 1184 511 1246; x_wconf 90' lang='lat' dir='ltr'>nota</span> <span class='ocrx_word' id='word_1_82' title='bbox 534 1203 568 1245; x_wconf 89' lang='lat' dir='ltr'>se</span> <span class='ocrx_word' id='word_1_83' title='bbox 591 1181 781 1265; x_wconf 84' lang='lat' dir='ltr'>recipiente,</span> <span class='ocrx_word' id='word_1_84' title='bbox 804 1182 838 1245; x_wconf 91' lang='lat' dir='ltr'>in</span> <span class='ocrx_word' id='word_1_85' title='bbox 858 1185 1068 1265; x_wconf 87' lang='lat' dir='ltr'>praeparatas</span> <span class='ocrx_word' id='word_1_86' title='bbox 1091 1181 1138 1245; x_wconf 91' lang='lat' dir='ltr'>in·</span> 
     </span>
     <span class='ocr_line' id='line_1_13' title="bbox 125 1268 1018 1353; baseline 0 -19"><span class='ocrx_word' id='word_1_87' title='bbox 125 1270 225 1334; x_wconf 90' lang='lat' dir='ltr'>sidias</span> <span class='ocrx_word' id='word_1_88' title='bbox 248 1268 399 1353; x_wconf 87' lang='lat' dir='ltr'>perduxit</span> <span class='ocrx_word' id='word_1_89' title='bbox 421 1269 597 1335; x_wconf 85' lang='lat' dir='ltr'>exercitum</span> <span class='ocrx_word' id='word_1_90' title='bbox 620 1269 816 1336; x_wconf 84' lang='lat' dir='ltr'>Parthorum</span> <span class='ocrx_word' id='word_1_91' title='bbox 840 1274 873 1336; x_wconf 89' lang='lat' dir='ltr'>et</span> <span class='ocrx_word' id='word_1_92' title='bbox 896 1270 1018 1335; x_wconf 85' lang='lat' dir='ltr'>cecidit.</span> 
     </span>
    </p>

    <p class='ocr_par' dir='ltr' id='par_1_4' title="bbox 122 1357 1192 1797">
     <span class='ocr_line' id='line_1_14' title="bbox 190 1357 1140 1443; baseline 0.001 -21"><span class='ocrx_word' id='word_1_93' title='bbox 190 1358 243 1422; x_wconf 82' lang='grc'>36.</span> <span class='ocrx_word' id='word_1_94' title='bbox 266 1357 438 1423; x_wconf 83' lang='lat' dir='ltr'>Ventidius</span> <span class='ocrx_word' id='word_1_95' title='bbox 453 1357 593 1424; x_wconf 89' lang='lat' dir='ltr'>Parthos</span> <span class='ocrx_word' id='word_1_96' title='bbox 612 1363 645 1424; x_wconf 88' lang='lat' dir='ltr'>et</span> <span class='ocrx_word' id='word_1_97' title='bbox 657 1359 852 1443; x_wconf 84' lang='lat' dir='ltr'>Labienum,</span> <span class='ocrx_word' id='word_1_98' title='bbox 875 1360 998 1424; x_wconf 87' lang='lat' dir='ltr'>alacres</span> <span class='ocrx_word' id='word_1_99' title='bbox 1018 1378 1140 1424; x_wconf 88' lang='lat' dir='ltr'>succes·</span> 
     </span>
     <span class='ocr_line' id='line_1_15' title="bbox 124 1447 1138 1534; baseline -0.001 -23"><span class='ocrx_word' id='word_1_100' title='bbox 124 1447 214 1511; x_wconf 91' lang='lat' dir='ltr'>sibus</span> <span class='ocrx_word' id='word_1_101' title='bbox 247 1447 472 1531; x_wconf 87' lang='lat' dir='ltr'>uictoriarum,</span> <span class='ocrx_word' id='word_1_102' title='bbox 504 1448 579 1513; x_wconf 92' lang='lat' dir='ltr'>dum</span> <span class='ocrx_word' id='word_1_103' title='bbox 610 1470 686 1514; x_wconf 88' lang='lat' dir='ltr'>suos</span> <span class='ocrx_word' id='word_1_104' title='bbox 716 1449 786 1534; x_wconf 91' lang='lat' dir='ltr'>ipse</span> <span class='ocrx_word' id='word_1_105' title='bbox 813 1469 871 1532; x_wconf 85' lang='lat' dir='ltr'>per</span> <span class='ocrx_word' id='word_1_106' title='bbox 899 1449 1138 1513; x_wconf 90' lang='lat' dir='ltr'>simulationem</span> 
     </span>
     <span class='ocr_line' id='line_1_16' title="bbox 124 1536 1192 1620; baseline 0 -20"><span class='ocrx_word' id='word_1_107' title='bbox 124 1538 230 1602; x_wconf 90' lang='lat' dir='ltr'>metus</span> <span class='ocrx_word' id='word_1_108' title='bbox 258 1537 414 1619; x_wconf 84' lang='lat' dir='ltr'>continet,</span> <span class='ocrx_word' id='word_1_109' title='bbox 445 1540 595 1602; x_wconf 89' lang='lat' dir='ltr'>euocauit</span> <span class='ocrx_word' id='word_1_110' title='bbox 623 1541 656 1609; x_wconf 89' lang='lat' dir='ltr'>et</span> <span class='ocrx_word' id='word_1_111' title='bbox 682 1537 717 1602; x_wconf 91' lang='lat' dir='ltr'>in</span> <span class='ocrx_word' id='word_1_112' title='bbox 745 1539 818 1602; x_wconf 91' lang='lat' dir='ltr'>loca</span> <span class='ocrx_word' id='word_1_113' title='bbox 844 1536 957 1620; x_wconf 89' lang='lat' dir='ltr'>iniqua</span> <span class='ocrx_word' id='word_1_114' title='bbox 984 1537 1137 1602; x_wconf 89' lang='lat' dir='ltr'>deductos</span> <span class='ocrx_word' id='word_1_115' title='bbox 1158 1549 1192 1600; x_wconf 76' lang='lat'>15</span> 
     </span>
     <span class='ocr_line' id='line_1_17' title="bbox 123 1625 1138 1710; baseline 0.001 -21"><span class='ocrx_word' id='word_1_116' title='bbox 123 1625 297 1710; x_wconf 82' lang='lat' dir='ltr'>adgressus</span> <span class='ocrx_word' id='word_1_117' title='bbox 311 1646 369 1709; x_wconf 90' lang='lat' dir='ltr'>per</span> <span class='ocrx_word' id='word_1_118' title='bbox 384 1626 609 1708; x_wconf 88' lang='lat' dir='ltr'>obreptionem</span> <span class='ocrx_word' id='word_1_119' title='bbox 629 1626 709 1691; x_wconf 90' lang='lat' dir='ltr'>adeo</span> <span class='ocrx_word' id='word_1_120' title='bbox 728 1626 912 1706; x_wconf 90' lang='lat' dir='ltr'>debellauit,</span> <span class='ocrx_word' id='word_1_121' title='bbox 929 1631 967 1690; x_wconf 89' lang='lat' dir='ltr'>ut</span> <span class='ocrx_word' id='word_1_122' title='bbox 980 1625 1138 1691; x_wconf 86' lang='lat' dir='ltr'>destituto</span> 
     </span>
     <span class='ocr_line' id='line_1_18' title="bbox 122 1712 822 1797; baseline -0.003 -19"><span class='ocrx_word' id='word_1_123' title='bbox 122 1714 267 1779; x_wconf 87' lang='lat' dir='ltr'>Labieno</span> <span class='ocrx_word' id='word_1_124' title='bbox 291 1713 462 1797; x_wconf 91' lang='lat' dir='ltr'>prouincia</span> <span class='ocrx_word' id='word_1_125' title='bbox 485 1714 676 1778; x_wconf 87' lang='lat' dir='ltr'>excederent</span> <span class='ocrx_word' id='word_1_126' title='bbox 698 1712 822 1778; x_wconf 89' lang='lat' dir='ltr'>Parthi.</span> 
     </span>
    </p>

    <p class='ocr_par' dir='ltr' id='par_1_5' title="bbox 121 1799 1196 2591">
     <span class='ocr_line' id='line_1_19' title="bbox 190 1799 1139 1884; baseline -0.002 -17"><span class='ocrx_word' id='word_1_127' title='bbox 190 1803 241 1867; x_wconf 77' lang='lat'>37.</span> <span class='ocrx_word' id='word_1_128' title='bbox 281 1801 374 1866; x_wconf 88' lang='lat' dir='ltr'>Idem</span> <span class='ocrx_word' id='word_1_129' title='bbox 416 1801 570 1866; x_wconf 86' lang='lat' dir='ltr'>aduersus</span> <span class='ocrx_word' id='word_1_130' title='bbox 606 1800 842 1865; x_wconf 84' lang='lat' dir='ltr'>Pharnastanis</span> <span class='ocrx_word' id='word_1_131' title='bbox 878 1799 1034 1884; x_wconf 87' lang='lat' dir='ltr'>Parthos,</span> <span class='ocrx_word' id='word_1_132' title='bbox 1067 1823 1139 1866; x_wconf 91' lang='lat' dir='ltr'>cum</span> 
     </span>
     <span class='ocr_line' id='line_1_20' title="bbox 123 1888 1140 1979; baseline -0.003 -24"><span class='ocrx_word' id='word_1_133' title='bbox 123 1892 193 1974; x_wconf 87' lang='lat' dir='ltr'>ipse</span> <span class='ocrx_word' id='word_1_134' title='bbox 217 1890 369 1973; x_wconf 83' lang='lat' dir='ltr'>exiguum</span> <span class='ocrx_word' id='word_1_135' title='bbox 392 1910 563 1953; x_wconf 90' lang='lat' dir='ltr'>numerum</span> <span class='ocrx_word' id='word_1_136' title='bbox 590 1889 730 1953; x_wconf 90' lang='lat' dir='ltr'>militum</span> <span class='ocrx_word' id='word_1_137' title='bbox 759 1888 909 1979; x_wconf 79' lang='lat' dir='ltr'>haberet,</span> <span class='ocrx_word' id='word_1_138' title='bbox 937 1888 1003 1954; x_wconf 90' lang='lat' dir='ltr'>illis</span> <span class='ocrx_word' id='word_1_139' title='bbox 1032 1891 1140 1952; x_wconf 89' lang='lat' dir='ltr'>autem</span> 
     </span>
     <span class='ocr_line' id='line_1_21' title="bbox 122 1976 1193 2061; baseline 0.002 -19"><span class='ocrx_word' id='word_1_140' title='bbox 122 1978 273 2042; x_wconf 88' lang='lat' dir='ltr'>fiduciam</span> <span class='ocrx_word' id='word_1_141' title='bbox 302 1999 341 2041; x_wconf 87' lang='lat' dir='ltr'>ex</span> <span class='ocrx_word' id='word_1_142' title='bbox 368 1976 576 2042; x_wconf 89' lang='lat' dir='ltr'>multitudine</span> <span class='ocrx_word' id='word_1_143' title='bbox 604 1977 730 2042; x_wconf 90' lang='lat' dir='ltr'>uideret</span> <span class='ocrx_word' id='word_1_144' title='bbox 758 1978 952 2061; x_wconf 85' lang='lat' dir='ltr'>increscere,</span> <span class='ocrx_word' id='word_1_145' title='bbox 985 1976 1025 2042; x_wconf 92' lang='lat' dir='ltr'>ad</span> <span class='ocrx_word' id='word_1_146' title='bbox 1053 1979 1139 2043; x_wconf 88' lang='lat' dir='ltr'>latus</span> <span class='ocrx_word' id='word_1_147' title='bbox 1159 1993 1193 2045; x_wconf 86' lang='grc' dir='ltr'>2ο</span> 
     </span>
     <span class='ocr_line' id='line_1_22' title="bbox 124 2064 1140 2151; baseline -0.001 -20"><span class='ocrx_word' id='word_1_148' title='bbox 124 2070 304 2131; x_wconf 89' lang='lat' dir='ltr'>castrorum</span> <span class='ocrx_word' id='word_1_149' title='bbox 336 2064 450 2131; x_wconf 92' lang='lat' dir='ltr'>XVIII</span> <span class='ocrx_word' id='word_1_150' title='bbox 483 2066 633 2132; x_wconf 85' lang='lat' dir='ltr'>cohortes</span> <span class='ocrx_word' id='word_1_151' title='bbox 665 2065 700 2131; x_wconf 91' lang='lat' dir='ltr'>in</span> <span class='ocrx_word' id='word_1_152' title='bbox 733 2068 870 2132; x_wconf 89' lang='lat' dir='ltr'>obscura</span> <span class='ocrx_word' id='word_1_153' title='bbox 901 2066 987 2132; x_wconf 90' lang='lat' dir='ltr'>ualle</span> <span class='ocrx_word' id='word_1_154' title='bbox 1019 2067 1140 2151; x_wconf 87' lang='lat' dir='ltr'>posuit,</span> 
     </span>
     <span class='ocr_line' id='line_1_23' title="bbox 123 2154 1139 2241; baseline 0 -22"><span class='ocrx_word' id='word_1_155' title='bbox 123 2155 270 2239; x_wconf 89' lang='lat' dir='ltr'>equitatu</span> <span class='ocrx_word' id='word_1_156' title='bbox 297 2158 373 2239; x_wconf 91' lang='lat' dir='ltr'>post</span> <span class='ocrx_word' id='word_1_157' title='bbox 400 2158 493 2240; x_wconf 86' lang='lat' dir='ltr'>terga</span> <span class='ocrx_word' id='word_1_158' title='bbox 520 2154 667 2239; x_wconf 90' lang='lat' dir='ltr'>peditum</span> <span class='ocrx_word' id='word_1_159' title='bbox 696 2157 874 2222; x_wconf 92' lang='lat' dir='ltr'>conlocato.</span> <span class='ocrx_word' id='word_1_160' title='bbox 919 2159 990 2221; x_wconf 92' lang='lat' dir='ltr'>tum</span> <span class='ocrx_word' id='word_1_161' title='bbox 1017 2177 1139 2241; x_wconf 90' lang='lat' dir='ltr'>paucos</span> 
     </span>
     <span class='ocr_line' id='line_1_24' title="bbox 124 2243 1141 2330; baseline 0.001 -23"><span class='ocrx_word' id='word_1_162' title='bbox 124 2243 297 2308; x_wconf 89' lang='lat' dir='ltr'>admodum</span> <span class='ocrx_word' id='word_1_163' title='bbox 325 2243 445 2309; x_wconf 86' lang='lat' dir='ltr'>milites</span> <span class='ocrx_word' id='word_1_164' title='bbox 472 2243 508 2308; x_wconf 91' lang='lat' dir='ltr'>in</span> <span class='ocrx_word' id='word_1_165' title='bbox 530 2244 659 2309; x_wconf 85' lang='lat' dir='ltr'>hostem</span> <span class='ocrx_word' id='word_1_166' title='bbox 683 2246 787 2311; x_wconf 89' lang='lat' dir='ltr'>misit:</span> <span class='ocrx_word' id='word_1_167' title='bbox 816 2245 872 2330; x_wconf 91' lang='lat' dir='ltr'>qui</span> <span class='ocrx_word' id='word_1_168' title='bbox 898 2245 956 2311; x_wconf 91' lang='lat' dir='ltr'>ubi</span> <span class='ocrx_word' id='word_1_169' title='bbox 984 2245 1141 2311; x_wconf 91' lang='lat' dir='ltr'>simulata</span> 
     </span>
     <span class='ocr_line' id='line_1_25' title="bbox 122 2332 1139 2417; baseline 0.002 -21"><span class='ocrx_word' id='word_1_170' title='bbox 122 2332 201 2417; x_wconf 81' lang='lat' dir='ltr'>fuga</span> <span class='ocrx_word' id='word_1_171' title='bbox 223 2332 351 2398; x_wconf 90' lang='lat' dir='ltr'>hostem</span> <span class='ocrx_word' id='word_1_172' title='bbox 374 2332 474 2399; x_wconf 80' lang='lat' dir='ltr'>effuse</span> <span class='ocrx_word' id='word_1_173' title='bbox 493 2337 682 2416; x_wconf 89' lang='lat' dir='ltr'>sequentem</span> <span class='ocrx_word' id='word_1_174' title='bbox 706 2335 795 2399; x_wconf 88' lang='lat' dir='ltr'>ultra</span> <span class='ocrx_word' id='word_1_175' title='bbox 816 2335 924 2400; x_wconf 91' lang='lat' dir='ltr'>locum</span> <span class='ocrx_word' id='word_1_176' title='bbox 947 2335 1139 2400; x_wconf 88' lang='lat' dir='ltr'>insidiarum</span> 
     </span>
     <span class='ocr_line' id='line_1_26' title="bbox 122 2421 1196 2507; baseline -0.002 -21"><span class='ocrx_word' id='word_1_177' title='bbox 122 2421 299 2506; x_wconf 87' lang='lat' dir='ltr'>perduxere</span> <span class='ocrx_word' id='word_1_178' title='bbox 305 2471 314 2505; x_wconf 92' lang='lat'>,</span> <span class='ocrx_word' id='word_1_179' title='bbox 333 2426 444 2487; x_wconf 88' lang='lat' dir='ltr'>coorta</span> <span class='ocrx_word' id='word_1_180' title='bbox 463 2445 483 2487; x_wconf 88' lang='lat' dir='ltr'>a</span> <span class='ocrx_word' id='word_1_181' title='bbox 501 2421 604 2486; x_wconf 87' lang='lat' dir='ltr'>latere</span> <span class='ocrx_word' id='word_1_182' title='bbox 625 2423 693 2487; x_wconf 90' lang='lat' dir='ltr'>acie</span> <span class='ocrx_word' id='word_1_183' title='bbox 712 2423 943 2506; x_wconf 90' lang='lat' dir='ltr'>praecipitatos</span> <span class='ocrx_word' id='word_1_184' title='bbox 962 2424 997 2488; x_wconf 87' lang='lat' dir='ltr'>in</span> <span class='ocrx_word' id='word_1_185' title='bbox 1015 2422 1138 2507; x_wconf 81' lang='lat' dir='ltr'>fugam,</span> <span class='ocrx_word' id='word_1_186' title='bbox 1159 2434 1196 2485; x_wconf 76' lang='lat'>25</span> 
     </span>
     <span class='ocr_line' id='line_1_27' title="bbox 121 2509 723 2591; baseline 0.003 -17"><span class='ocrx_word' id='word_1_187' title='bbox 121 2512 155 2574; x_wconf 93' lang='lat' dir='ltr'>in</span> <span class='ocrx_word' id='word_1_188' title='bbox 178 2510 231 2574; x_wconf 92' lang='lat' dir='ltr'>his</span> <span class='ocrx_word' id='word_1_189' title='bbox 253 2509 526 2591; x_wconf 88' lang='lat' dir='ltr'>Pharnastanem,</span> <span class='ocrx_word' id='word_1_190' title='bbox 549 2511 723 2576; x_wconf 81' lang='lat' dir='ltr'>interfecit</span> 
     </span>
    </p>

    <p class='ocr_par' dir='ltr' id='par_1_6' title="bbox 191 2595 1142 2682">
     <span class='ocr_line' id='line_1_28' title="bbox 191 2595 1142 2682; baseline 0.001 -20"><span class='ocrx_word' id='word_1_191' title='bbox 191 2598 243 2662; x_wconf 89' lang='lat'>38.</span> <span class='ocrx_word' id='word_1_192' title='bbox 280 2595 315 2662; x_wconf 84' lang='lat' dir='ltr'>O.</span> <span class='ocrx_word' id='word_1_193' title='bbox 339 2595 474 2682; x_wconf 79' lang='lat' dir='ltr'>Caesar,</span> <span class='ocrx_word' id='word_1_194' title='bbox 504 2597 571 2662; x_wconf 92' lang='lat' dir='ltr'>suis</span> <span class='ocrx_word' id='word_1_195' title='bbox 601 2602 635 2663; x_wconf 90' lang='lat' dir='ltr'>et</span> <span class='ocrx_word' id='word_1_196' title='bbox 662 2597 790 2663; x_wconf 83' lang='lat' dir='ltr'>Afranii</span> <span class='ocrx_word' id='word_1_197' title='bbox 818 2599 933 2663; x_wconf 86' lang='lat' dir='ltr'>castris</span> <span class='ocrx_word' id='word_1_198' title='bbox 962 2598 1142 2664; x_wconf 88' lang='lat' dir='ltr'>contrarias</span> 
     </span>
    </p>
   </div>
   <div class='ocr_carea' id='block_1_3' title="bbox 119 2733 1144 3574">
    <p class='ocr_par' dir='ltr' id='par_1_7' title="bbox 119 2733 1144 3574">
     <span class='ocr_line' id='line_1_29' title="bbox 196 2733 1139 2805; baseline 0.001 -14"><span class='ocrx_word' id='word_1_199' title='bbox 196 2742 212 2791; x_wconf 83' lang='lat'><strong>3</strong></span> <span class='ocrx_word' id='word_1_200' title='bbox 231 2733 336 2790; x_wconf 87' lang='lat' dir='ltr'>XXXV</span> <span class='ocrx_word' id='word_1_201' title='bbox 349 2734 428 2788; x_wconf 87' lang='lat' dir='ltr'>milia</span> <span class='ocrx_word' id='word_1_202' title='bbox 456 2733 577 2790; x_wconf 81' lang='lat' dir='ltr'>XXXV.</span> <span class='ocrx_word' id='word_1_203' title='bbox 588 2734 633 2789; x_wconf 76' lang='grc' dir='ltr'>Η1</span> <span class='ocrx_word' id='word_1_204' title='bbox 643 2734 763 2792; x_wconf 85' lang='lat' dir='ltr'>XXXV.</span> <span class='ocrx_word' id='word_1_205' title='bbox 773 2736 844 2805; x_wconf 75' lang='lat' dir='ltr'>tPl</span> <span class='ocrx_word' id='word_1_206' title='bbox 861 2743 876 2791; x_wconf 88' lang='grc'><strong>6</strong></span> <span class='ocrx_word' id='word_1_207' title='bbox 896 2737 964 2791; x_wconf 87' lang='grc' dir='ltr'>.ΧΧ.</span> <span class='ocrx_word' id='word_1_208' title='bbox 979 2737 1057 2794; x_wconf 92' lang='lat' dir='ltr'>H¹P</span> <span class='ocrx_word' id='word_1_209' title='bbox 1072 2735 1139 2793; x_wconf 84' lang='lat' dir='ltr'>XX.</span> 
     </span>
     <span class='ocr_line' id='line_1_30' title="bbox 122 2804 1141 2878; baseline 0 -15"><span class='ocrx_word' id='word_1_210' title='bbox 122 2809 141 2863; x_wconf 83' lang='lat' dir='ltr'>b</span> <span class='ocrx_word' id='word_1_211' title='bbox 168 2810 173 2875; x_wconf 90' lang='grc' dir='ltr'>Ι</span> <span class='ocrx_word' id='word_1_212' title='bbox 206 2807 325 2861; x_wconf 78' lang='lat' dir='ltr'>Vuerba</span> <span class='ocrx_word' id='word_1_213' title='bbox 344 2804 422 2858; x_wconf 92' lang='lat' dir='ltr'>XXX</span> <span class='ocrx_word' id='word_1_214' title='bbox 471 2804 552 2861; x_wconf 90' lang='lat' dir='ltr'>milia</span> <span class='ocrx_word' id='word_1_215' title='bbox 571 2837 604 2847; x_wconf 93' lang='lat'>-</span> <span class='ocrx_word' id='word_1_216' title='bbox 624 2807 765 2863; x_wconf 87' lang='lat' dir='ltr'>securibus</span> <span class='ocrx_word' id='word_1_217' title='bbox 792 2813 916 2878; x_wconf 78' lang='lat' dir='ltr'>suspecta</span> <span class='ocrx_word' id='word_1_218' title='bbox 938 2811 1082 2865; x_wconf 70' lang='lat' dir='ltr'>uideatur:</span> <span class='ocrx_word' id='word_1_219' title='bbox 1105 2810 1141 2876; x_wconf 84' lang='lat' dir='ltr'>cf.</span> 
     </span>
     <span class='ocr_line' id='line_1_31' title="bbox 119 2877 1141 2950; baseline 0.001 -18"><span class='ocrx_word' id='word_1_220' title='bbox 119 2879 214 2949; x_wconf 73' lang='lat' dir='ltr'>praef.</span> <span class='ocrx_word' id='word_1_221' title='bbox 233 2877 255 2948; x_wconf 63' lang='grc' dir='ltr'><strong><em>ἕ</em></strong></span> <span class='ocrx_word' id='word_1_222' title='bbox 273 2880 311 2946; x_wconf 87' lang='grc'>91</span> <span class='ocrx_word' id='word_1_223' title='bbox 332 2883 348 2932; x_wconf 89' lang='grc'>8</span> <span class='ocrx_word' id='word_1_224' title='bbox 368 2877 396 2932; x_wconf 84' lang='lat' dir='ltr'>C.</span> <span class='ocrx_word' id='word_1_225' title='bbox 416 2893 466 2932; x_wconf 85' lang='lat' dir='ltr'>om.</span> <span class='ocrx_word' id='word_1_226' title='bbox 481 2877 533 2950; x_wconf 87' lang='grc' dir='ltr'>ΗΙ</span> <span class='ocrx_word' id='word_1_227' title='bbox 559 2877 714 2948; x_wconf 88' lang='lat' dir='ltr'>ducemque</span> <span class='ocrx_word' id='word_1_228' title='bbox 733 2877 840 2934; x_wconf 89' lang='lat' dir='ltr'>Osacen</span> <span class='ocrx_word' id='word_1_229' title='bbox 857 2880 960 2936; x_wconf 76' lang='lat' dir='ltr'>Hactel</span> <span class='ocrx_word' id='word_1_230' title='bbox 977 2882 1036 2936; x_wconf 73' lang='lat' dir='ltr'>coit.</span> <span class='ocrx_word' id='word_1_231' title='bbox 1053 2881 1141 2935; x_wconf 78' lang='lat' dir='ltr'>Dion.</span> 
     </span>
     <span class='ocr_line' id='line_1_32' title="bbox 123 2949 1144 3018; baseline -0.001 -13"><span class='ocrx_word' id='word_1_232' title='bbox 123 2955 168 3015; x_wconf 88' lang='grc'>40,</span> <span class='ocrx_word' id='word_1_233' title='bbox 179 2954 217 3004; x_wconf 79' lang='grc'>29</span> <span class='ocrx_word' id='word_1_234' title='bbox 237 2949 364 3018; x_wconf 90' lang='lat' dir='ltr'>ducemq:</span> <span class='ocrx_word' id='word_1_235' title='bbox 384 2964 467 3003; x_wconf 89' lang='lat' dir='ltr'>sacen</span> <span class='ocrx_word' id='word_1_236' title='bbox 486 2949 520 3002; x_wconf 93' lang='lat' dir='ltr'><strong><em>H</em></strong></span> <span class='ocrx_word' id='word_1_237' title='bbox 535 2949 690 3005; x_wconf 89' lang='lat' dir='ltr'>ducesacen</span> <span class='ocrx_word' id='word_1_238' title='bbox 709 2950 737 3005; x_wconf 94' lang='lat' dir='ltr'>P</span> <span class='ocrx_word' id='word_1_239' title='bbox 762 2951 866 3005; x_wconf 87' lang='lat' dir='ltr'>ducens</span> <span class='ocrx_word' id='word_1_240' title='bbox 889 2953 979 3005; x_wconf 87' lang='lat' dir='ltr'>eciem</span> <span class='ocrx_word' id='word_1_241' title='bbox 997 2953 1035 3018; x_wconf 79' lang='lat' dir='ltr'>dl</span> <span class='ocrx_word' id='word_1_242' title='bbox 1060 2956 1093 3005; x_wconf 84' lang='lat'>13</span> <span class='ocrx_word' id='word_1_243' title='bbox 1113 2952 1144 3005; x_wconf 89' lang='lat' dir='ltr'>et</span> 
     </span>
     <span class='ocr_line' id='line_1_33' title="bbox 124 3019 1142 3092; baseline -0.001 -16"><span class='ocrx_word' id='word_1_244' title='bbox 124 3038 174 3076; x_wconf 87' lang='lat' dir='ltr'>om.</span> <span class='ocrx_word' id='word_1_245' title='bbox 197 3019 232 3074; x_wconf 88' lang='lat' dir='ltr'><strong><em>H</em></strong></span> <span class='ocrx_word' id='word_1_246' title='bbox 249 3020 253 3092; x_wconf 70' lang='lat' dir='ltr'>t</span> <span class='ocrx_word' id='word_1_247' title='bbox 276 3025 309 3073; x_wconf 78' lang='lat'>15</span> <span class='ocrx_word' id='word_1_248' title='bbox 329 3019 460 3074; x_wconf 88' lang='lat' dir='ltr'>euocauit</span> <span class='ocrx_word' id='word_1_249' title='bbox 478 3035 529 3075; x_wconf 85' lang='lat' dir='ltr'>om.</span> <span class='ocrx_word' id='word_1_250' title='bbox 544 3021 580 3074; x_wconf 88' lang='lat' dir='ltr'><strong><em>H</em></strong></span> <span class='ocrx_word' id='word_1_251' title='bbox 591 3023 596 3090; x_wconf 91' lang='grc'>1</span> <span class='ocrx_word' id='word_1_252' title='bbox 623 3027 656 3076; x_wconf 82' lang='grc'>16</span> <span class='ocrx_word' id='word_1_253' title='bbox 675 3021 811 3076; x_wconf 81' lang='lat' dir='ltr'>destituto</span> <span class='ocrx_word' id='word_1_254' title='bbox 829 3022 848 3075; x_wconf 77' lang='lat' dir='ltr'>t</span> <span class='ocrx_word' id='word_1_255' title='bbox 866 3022 971 3077; x_wconf 89' lang='lat' dir='ltr'>destitu</span> <span class='ocrx_word' id='word_1_256' title='bbox 987 3023 1021 3076; x_wconf 94' lang='lat' dir='ltr'><strong><em>H</em></strong></span> <span class='ocrx_word' id='word_1_257' title='bbox 1026 3022 1035 3053; x_wconf 90' lang='lat'><strong>¹</strong></span> <span class='ocrx_word' id='word_1_258' title='bbox 1054 3022 1142 3077; x_wconf 87' lang='lat' dir='ltr'>desti-</span> 
     </span>
     <span class='ocr_line' id='line_1_34' title="bbox 125 3091 1142 3162; baseline 0 -16"><span class='ocrx_word' id='word_1_259' title='bbox 125 3091 182 3146; x_wconf 89' lang='lat' dir='ltr'>tuti</span> <span class='ocrx_word' id='word_1_260' title='bbox 203 3092 242 3145; x_wconf 87' lang='lat' dir='ltr'>P:</span> <span class='ocrx_word' id='word_1_261' title='bbox 261 3092 296 3158; x_wconf 73' lang='lat' dir='ltr'>cf.</span> <span class='ocrx_word' id='word_1_262' title='bbox 315 3091 401 3145; x_wconf 79' lang='lat' dir='ltr'>Dion.</span> <span class='ocrx_word' id='word_1_263' title='bbox 419 3094 466 3156; x_wconf 84' lang='grc'>48,</span> <span class='ocrx_word' id='word_1_264' title='bbox 484 3095 530 3158; x_wconf 89' lang='grc'>40,</span> <span class='ocrx_word' id='word_1_265' title='bbox 549 3094 587 3160; x_wconf 74' lang='grc'>31</span> <span class='ocrx_word' id='word_1_266' title='bbox 605 3098 638 3147; x_wconf 84' lang='lat'>18</span> <span class='ocrx_word' id='word_1_267' title='bbox 652 3093 855 3162; x_wconf 83' lang='lat' dir='ltr'>phamastanes</span> <span class='ocrx_word' id='word_1_268' title='bbox 869 3093 904 3146; x_wconf 90' lang='lat' dir='ltr'><strong><em>H</em></strong></span> <span class='ocrx_word' id='word_1_269' title='bbox 918 3091 1142 3147; x_wconf 87' lang='lat' dir='ltr'>Pharnastanem</span> 
     </span>
     <span class='ocr_line' id='line_1_35' title="bbox 122 3160 1139 3232; baseline -0.001 -15"><span class='ocrx_word' id='word_1_270' title='bbox 122 3167 151 3218; x_wconf 88' lang='lat' dir='ltr'>ct</span> <span class='ocrx_word' id='word_1_271' title='bbox 168 3164 188 3218; x_wconf 82' lang='lat' dir='ltr'>d</span> <span class='ocrx_word' id='word_1_272' title='bbox 206 3160 392 3228; x_wconf 88' lang='lat' dir='ltr'>Pharnapatis</span> <span class='ocrx_word' id='word_1_273' title='bbox 417 3162 487 3215; x_wconf 81' lang='lat' dir='ltr'>Oad.</span> <span class='ocrx_word' id='word_1_274' title='bbox 511 3163 570 3217; x_wconf 82' lang='lat' dir='ltr'>coll.</span> <span class='ocrx_word' id='word_1_275' title='bbox 592 3164 677 3218; x_wconf 80' lang='lat' dir='ltr'>Dion.</span> <span class='ocrx_word' id='word_1_276' title='bbox 696 3168 749 3232; x_wconf 80' lang='grc'>48,</span> <span class='ocrx_word' id='word_1_277' title='bbox 763 3168 806 3219; x_wconf 89' lang='grc'>41.</span> <span class='ocrx_word' id='word_1_278' title='bbox 825 3164 903 3220; x_wconf 82' lang='lat' dir='ltr'>Plut.</span> <span class='ocrx_word' id='word_1_279' title='bbox 919 3165 985 3219; x_wconf 77' lang='lat' dir='ltr'>Ant.</span> <span class='ocrx_word' id='word_1_280' title='bbox 1005 3170 1041 3220; x_wconf 89' lang='grc'>33</span> <span class='ocrx_word' id='word_1_281' title='bbox 1070 3169 1075 3230; x_wconf 76' lang='lat' dir='ltr'>t</span> <span class='ocrx_word' id='word_1_282' title='bbox 1105 3169 1139 3216; x_wconf 86' lang='grc'>21</span> 
     </span>
     <span class='ocr_line' id='line_1_36' title="bbox 121 3232 1142 3305; baseline 0.001 -18"><span class='ocrx_word' id='word_1_283' title='bbox 121 3233 204 3288; x_wconf 87' lang='lat' dir='ltr'>ualde</span> <span class='ocrx_word' id='word_1_284' title='bbox 224 3233 259 3286; x_wconf 88' lang='lat' dir='ltr'><strong><em>H</em></strong></span> <span class='ocrx_word' id='word_1_285' title='bbox 273 3239 337 3288; x_wconf 83' lang='lat' dir='ltr'>cate</span> <span class='ocrx_word' id='word_1_286' title='bbox 354 3248 409 3287; x_wconf 82' lang='lat' dir='ltr'>rae.</span> <span class='ocrx_word' id='word_1_287' title='bbox 427 3232 436 3305; x_wconf 68' lang='grc' dir='ltr'>Ι1</span> <span class='ocrx_word' id='word_1_288' title='bbox 452 3239 486 3287; x_wconf 84' lang='grc'>22</span> <span class='ocrx_word' id='word_1_289' title='bbox 501 3233 662 3301; x_wconf 79' lang='lat' dir='ltr'>equitatub</span> <span class='ocrx_word' id='word_1_290' title='bbox 684 3237 689 3303; x_wconf 78' lang='lat' dir='ltr'>l</span> <span class='ocrx_word' id='word_1_291' title='bbox 714 3234 890 3290; x_wconf 90' lang='lat' dir='ltr'>conlocatum</span> <span class='ocrx_word' id='word_1_292' title='bbox 909 3252 1013 3305; x_wconf 89' lang='lat' dir='ltr'>paucos</span> <span class='ocrx_word' id='word_1_293' title='bbox 1032 3236 1082 3300; x_wconf 80' lang='lat' dir='ltr'>Hl</span> <span class='ocrx_word' id='word_1_294' title='bbox 1105 3238 1142 3288; x_wconf 82' lang='grc'>25</span> 
     </span>
     <span class='ocr_line' id='line_1_37' title="bbox 121 3303 1120 3386; baseline 0.002 -28"><span class='ocrx_word' id='word_1_295' title='bbox 121 3303 196 3359; x_wconf 89' lang='lat' dir='ltr'>acies</span> <span class='ocrx_word' id='word_1_296' title='bbox 221 3306 253 3359; x_wconf 82' lang='lat' dir='ltr'>d.-</span> <span class='ocrx_word' id='word_1_297' title='bbox 276 3305 323 3359; x_wconf 84' lang='lat' dir='ltr'>sed</span> <span class='ocrx_word' id='word_1_298' title='bbox 340 3304 375 3371; x_wconf 74' lang='lat' dir='ltr'>ef.</span> <span class='ocrx_word' id='word_1_299' title='bbox 391 3321 422 3372; x_wconf 76' lang='lat' dir='ltr'>p.</span> <span class='ocrx_word' id='word_1_300' title='bbox 441 3307 504 3372; x_wconf 87' lang='lat'>103,</span> <span class='ocrx_word' id='word_1_301' title='bbox 523 3309 542 3359; x_wconf 83' lang='grc'><em>8</em></span> <span class='ocrx_word' id='word_1_302' title='bbox 563 3304 567 3377; x_wconf 78' lang='lat' dir='ltr'>l</span> <span class='ocrx_word' id='word_1_303' title='bbox 588 3306 788 3386; x_wconf 82' lang='lat' dir='ltr'>praecipitatos</span> <span class='ocrx_word' id='word_1_304' title='bbox 807 3308 826 3360; x_wconf 80' lang='lat' dir='ltr'>d</span> <span class='ocrx_word' id='word_1_305' title='bbox 844 3306 1037 3376; x_wconf 86' lang='lat' dir='ltr'>praecipitatis</span> <span class='ocrx_word' id='word_1_306' title='bbox 1052 3306 1120 3361; x_wconf 89' lang='grc' dir='ltr'>ΗΡ</span> 
     </span>
     <span class='ocr_line' id='line_1_38' title="bbox 122 3374 1112 3447; baseline 0.006 -20"><span class='ocrx_word' id='word_1_307' title='bbox 122 3374 315 3446; x_wconf 85' lang='lat' dir='ltr'>praecipitatis</span> <span class='ocrx_word' id='word_1_308' title='bbox 334 3374 364 3428; x_wconf 93' lang='lat' dir='ltr'>in</span> <span class='ocrx_word' id='word_1_309' title='bbox 382 3375 479 3445; x_wconf 79' lang='lat' dir='ltr'>fugam</span> <span class='ocrx_word' id='word_1_310' title='bbox 499 3375 611 3431; x_wconf 86' lang='lat' dir='ltr'>Parthrs</span> <span class='ocrx_word' id='word_1_311' title='bbox 634 3377 664 3430; x_wconf 90' lang='lat' dir='ltr'>in</span> <span class='ocrx_word' id='word_1_312' title='bbox 686 3378 730 3431; x_wconf 90' lang='lat' dir='ltr'>his</span> <span class='ocrx_word' id='word_1_313' title='bbox 749 3378 823 3432; x_wconf 76' lang='lat' dir='ltr'>eda:</span> <span class='ocrx_word' id='word_1_314' title='bbox 841 3378 887 3432; x_wconf 85' lang='lat' dir='ltr'>sed</span> <span class='ocrx_word' id='word_1_315' title='bbox 905 3379 940 3444; x_wconf 79' lang='lat' dir='ltr'>cf.</span> <span class='ocrx_word' id='word_1_316' title='bbox 957 3394 987 3446; x_wconf 78' lang='lat' dir='ltr'>p.</span> <span class='ocrx_word' id='word_1_317' title='bbox 1007 3383 1054 3447; x_wconf 82' lang='lat'>72,</span> <span class='ocrx_word' id='word_1_318' title='bbox 1074 3383 1112 3433; x_wconf 81' lang='lat'>12</span> 
     </span>
     <span class='ocr_line' id='line_1_39' title="bbox 122 3444 1142 3574; baseline 0.004 -75"><span class='ocrx_word' id='word_1_319' title='bbox 122 3451 157 3526; x_wconf 71' lang='lat' dir='ltr'>²t³</span> <span class='ocrx_word' id='word_1_320' title='bbox 184 3444 396 3574; x_wconf 52' lang='lat' dir='ltr'>phwsmtem</span> <span class='ocrx_word' id='word_1_321' title='bbox 424 3447 460 3500; x_wconf 92' lang='lat' dir='ltr'><strong><em>H</em></strong></span> <span class='ocrx_word' id='word_1_322' title='bbox 482 3446 690 3515; x_wconf 84' lang='lat' dir='ltr'>pharnastanen</span> <span class='ocrx_word' id='word_1_323' title='bbox 717 3449 746 3502; x_wconf 92' lang='lat' dir='ltr'>P</span> <span class='ocrx_word' id='word_1_324' title='bbox 773 3451 777 3518; x_wconf 88' lang='grc' dir='ltr'>Ι</span> <span class='ocrx_word' id='word_1_325' title='bbox 807 3453 841 3502; x_wconf 80' lang='grc'>27</span> <span class='ocrx_word' id='word_1_326' title='bbox 865 3449 987 3504; x_wconf 85' lang='lat' dir='ltr'>afranius</span> <span class='ocrx_word' id='word_1_327' title='bbox 1010 3448 1045 3503; x_wconf 93' lang='lat' dir='ltr'><strong><em>H</em></strong></span> <span class='ocrx_word' id='word_1_328' title='bbox 1060 3448 1142 3504; x_wconf 82' lang='lat' dir='ltr'>Afra·</span> 
     </span>
     <span class='ocr_line' id='line_1_40' title="bbox 121 3533 291 3572; baseline 0.018 -3"><span class='ocrx_word' id='word_1_329' title='bbox 121 3533 214 3572; x_wconf 87' lang='lat' dir='ltr'>nrams</span> <span class='ocrx_word' id='word_1_330' title='bbox 285 3558 291 3571; x_wconf 93' lang='lat'>.</span> 
     </span>
    </p>
   </div>
   <div class='ocr_carea' id='block_1_4' title="bbox 0 0 1238 3832">
    <p class='ocr_par' dir='ltr' id='par_1_8' title="bbox 0 0 1238 3832">
     <span class='ocr_line' id='line_1_41' title="bbox 0 0 1238 3832; baseline 0 0"><span class='ocrx_word' id='word_1_331' title='bbox 0 0 1238 3832; x_wconf 95' lang='lat' dir='ltr'> </span> 
     </span>
    </p>
   </div>
  </div>
 </body>
</html>
