2468 3832
423 129 531 184 clena
547 129 595 184 IV.
623 127 700 184 clP.
720 134 798 182 1-3.
1053 125 1118 190 tao

101 293 176 358 inde
205 314 224 356 a
251 292 406 376 Philippo
436 296 530 376 patre
557 291 749 376 disciplinae
781 290 975 355 adsuefactis
1006 289 1118 355 orbem

102 388 261 448 terrarum
281 382 453 466 adgressus
471 379 726 445 innumerabiles
744 379 890 445 hostium
904 379 1013 464 copias
1029 377 1118 444 uicit
1201 426 1204 434 -

169 470 200 536 5.
232 467 337 554 Cyrus
352 470 439 536 bello
454 469 609 551 aduersus
623 467 740 533 Persas
758 467 1016 552 quattuordecim
1034 467 1118 531 mili·

102 560 164 624 bus
189 562 387 623 armatorum
409 559 574 623 inmensas
597 557 805 623 difficultates
829 556 1003 641 superauit

170 648 200 713 6.
231 646 473 730 Epaminondas
487 647 552 712 dux
566 646 794 712 Thebanorum
813 649 967 729 quattuor
985 644 1119 708 milibus
1138 658 1154 708 5

103 736 286 821 hominum,
322 758 361 801 ex
397 736 514 821 quibus
546 733 656 802 0000
691 738 820 800 tantum
856 734 981 819 equites
1018 735 1119 817 erant,

102 823 434 894 Lacedaemoniorum.
459 825 636 889 exercitum
662 823 782 908 uiginti
810 827 966 908 quattuor
992 821 1119 886 milium

103 913 257 999 peditum,
280 916 425 998 equitum
450 913 538 977 mille
563 916 782 978 sescentorum
804 912 893 979 uicit
938 920 939 924 ’
994 967 996 971 ,

172 1004 201 1068 7.
233 1003 262 1067 Α
282 1001 540 1086 quattuordecim
558 1001 691 1066 milibus
710 999 916 1084 Graecorum,
935 999 991 1085 qui
1008 1021 1119 1067 nume·

70 1118 72 1122 ⁴
103 1111 160 1154 rus
181 1091 216 1154 in
240 1090 369 1155 auxiliis
393 1087 471 1174 (lyri
494 1088 649 1154 aduersus
672 1088 875 1154 Artaxerxen
896 1089 967 1172 fuit,
990 1092 1119 1153 centum
1140 1101 1173 1151 10

106 1179 198 1242 milia
221 1178 435 1243 barbarorum
458 1178 582 1262 proelio
606 1183 760 1261 superata
782 1180 866 1242 sunt.

175 1267 205 1332 8.
226 1266 352 1331 Eadem
363 1265 562 1332 Graecorum
576 1267 727 1352 [proelio]
748 1265 1007 1351 quattuordecim
1030 1265 1120 1330 milia

105 1354 235 1420 amissis
259 1355 409 1440 ducibus,
435 1354 558 1421 reditus
586 1357 638 1421 sui
660 1377 739 1421 cura
760 1357 819 1421 uni
842 1377 882 1421 ex
903 1376 1037 1439 corpore
1061 1373 1119 1419 suo

104 1442 316 1529 Xenophonti
330 1444 524 1510 Atheniensi
538 1444 741 1529 demandata,
759 1466 818 1528 per
835 1445 947 1528 iniqua
961 1447 994 1508 et
1007 1445 1121 1531 ignota

106 1533 179 1598 loca
200 1533 379 1598 incolumia
400 1555 533 1599 reuersa
555 1537 639 1599 sunt
1140 1545 1173 1595 15

171 1622 200 1687 9.
232 1621 354 1686 Xerxes
379 1643 399 1685 a
420 1622 573 1687 trecentis
600 1622 930 1688 Lacedaemoniorum
959 1620 1000 1685 ad
1022 1621 1120 1685 Ther·

104 1713 254 1796 mopylas
277 1714 422 1793 uexatus,
445 1731 518 1775 cum
541 1710 598 1774 uix
621 1731 676 1774 eos
699 1711 901 1788 confecisset,
923 1709 985 1774 hoo
1009 1731 1043 1773 se
1066 1710 1121 1774 de·

106 1803 234 1883 ceptum
258 1799 377 1879 aiebat,
400 1798 485 1880 quod
510 1799 629 1862 multos
653 1796 781 1881 quidem
805 1798 954 1863 homines
977 1797 1121 1880 haberet,

67 1897 75 1910 “
105 1887 194 1952 uiros
217 1891 327 1951 autern
350 1885 541 1969 disciplinae
562 1889 693 1951 tenaces
714 1887 832 1951 nullos.

413 2094 461 2151 111.
490 2095 539 2148 DE
558 2093 816 2150 CONTINENTIA.
1138 2097 1174 2147 20

174 2222 200 2288 1.
233 2220 276 2288 Μ.
300 2217 456 2288 Catonem
483 2221 562 2287 uino
591 2222 704 2289 eodem
732 2245 796 2306 quo
825 2222 965 2307 remiges
990 2227 1120 2289 conten·

106 2313 175 2374 tum
199 2310 299 2375 fuisse
321 2311 470 2378 traditur.

171 2401 201 2466 2.
219 2397 396 2484 Fabricius,
410 2422 484 2465 cnm
499 2397 616 2465 Cineas
629 2400 756 2485 legatus
771 2399 983 2483 Epirotarum
998 2399 1120 2484 grande

104 2488 231 2573 pondus
251 2487 323 2552 auri
340 2488 426 2553 dono
441 2489 471 2552 ei
494 2488 595 2571 daret,
617 2509 684 2552 non
707 2493 839 2573 accepto
859 2510 897 2553 eo
917 2488 999 2552 dixit
1021 2487 1121 2551 malle

105 2597 139 2640 se
161 2575 356 2639 habentibus
379 2574 413 2639 id
435 2575 609 2660 imperare,
631 2597 729 2659 quam
751 2575 880 2641 habere.
1140 2595 1175 2643 eo

172 2663 201 2728 3.
235 2662 356 2728 Atilius
369 2661 524 2749 Regulus,
547 2686 621 2729 curn
639 2663 776 2728 summis
798 2663 894 2728 rebus
918 2663 1121 2748 praefuisset,

177 2916 192 2964 2
212 2908 374 2964 innumeras
388 2908 439 2981 ΡΙ
462 2915 479 2964 3
497 2910 547 2966 boe
566 2910 716 2978 exemptum
734 2909 856 2964 alienum
872 2914 954 2979 putat
973 2909 1058 2965 Oua:
1076 2911 1123 2965 sed

106 2981 141 3049 cf.
161 2982 253 3051 praef.
275 2980 297 3052 ἕ
314 2986 333 3036 9
354 2983 359 3050 Ι
375 2978 471 3064 Qus
495 2982 527 3036 e'a
548 2997 604 3036 ras.
623 2982 642 3035 b
659 2977 760 3049 Cyrrus
779 2982 807 3035 P
826 2983 830 3052 Ι
856 2982 991 3050 quattuor
1010 2981 1050 3035 .X.
1071 2980 1098 3036 θ
1117 2981 1121 3052 Ι

106 3075 122 3124 6
141 3069 247 3124 ¹CCCC.
264 3068 346 3124 GhP
362 3066 467 3125 ‚0000
486 3069 521 3122 H
525 3068 535 3100 ¹
551 3069 556 3137 Ι
580 3070 693 3124 tentum
710 3097 746 3109 —-
763 3068 1050 3125 Lacedaemoniorum
1072 3085 1122 3128 om.

106 3138 492 3210 H¹1r.xx1111.n.ers
511 3141 704 3195 sexcentorum
718 3141 770 3194 bP
785 3140 790 3210 Ι
807 3146 841 3195 10
855 3143 932 3195 artar
945 3157 1048 3196 xerxen
1061 3140 1127 3196 ΗΡ

108 3212 283 3266 artarxersen
299 3211 345 3280 Gt
366 3213 478 3266 centurn
498 3211 578 3265 milia
591 3211 626 3264 H
631 3212 658 3265 P
675 3218 697 3266 e.
712 3215 749 3266 m.
766 3213 813 3280 Gt
835 3216 868 3265 11
889 3212 1013 3280 superati
1030 3213 1123 3279 (seda
1157 3258 1161 3266 .

106 3297 194 3350 supro
216 3284 226 3337 i
248 3285 371 3352 empta),
389 3283 424 3337 H
439 3284 444 3353 1
471 3287 506 3336 12
532 3280 640 3352 proelio
661 3299 695 3337 ec
718 3285 815 3352 priore
837 3298 920 3337 uersu
942 3283 1019 3338 baad
1040 3284 1124 3340 duee

107 3354 250 3421 repetitur
267 3355 369 3409 debui:
391 3360 456 3410 ante
475 3351 586 3408 amissis
604 3354 636 3408 id
656 3358 884 3423 trarrapoeucmot
902 3355 984 3426 edd!
1005 3359 1039 3410 18
1057 3371 1121 3426 ege-

108 3423 159 3478 bat
179 3422 226 3491 ΘΙ
247 3429 281 3479 19
300 3428 395 3479 autem
414 3441 465 3480 om.
486 3425 533 3493 Pl
552 3422 696 3480 tonacisb

178 3499 210 3547 21
230 3495 280 3551 boc
297 3497 448 3566 coemptum
465 3496 603 3566 superiori
618 3497 707 3566 copiti
724 3497 823 3552 tribuit
836 3496 888 3566 ΗΙ
904 3500 939 3550 26
956 3495 1059 3552 hebere
1076 3497 1122 3550 H¹
