<?xml version="1.0" encoding="UTF-8"?>
<!DOCTYPE html PUBLIC "-//W3C//DTD XHTML 1.0 Transitional//EN"
    "http://www.w3.org/TR/xhtml1/DTD/xhtml1-transitional.dtd">
<html xmlns="http://www.w3.org/1999/xhtml" xml:lang="en" lang="en">
 <head>
  <title>
</title>
<meta http-equiv="Content-Type" content="text/html;charset=utf-8" />
  <meta name='ocr-system' content='tesseract 3.04.00' />
  <meta name='ocr-capabilities' content='ocr_page ocr_carea ocr_par ocr_line ocrx_word'/>
</head>
<body>
  <div class='ocr_page' id='page_1' title='image "./ivlifrontinistr01gundgoog_0133.png"; bbox 0 0 2468 3832; ppageno 0'>
   <div class='ocr_carea' id='block_1_1' title="bbox 152 136 968 202">
    <p class='ocr_par' dir='ltr' id='par_1_1' title="bbox 152 136 968 202">
     <span class='ocr_line' id='line_1_1' title="bbox 152 136 968 202; baseline -0.01 0"><span class='ocrx_word' id='word_1_1' title='bbox 152 136 214 202; x_wconf 88' lang='grc'>108</span> <span class='ocrx_word' id='word_1_2' title='bbox 353 137 431 194; x_wconf 87' lang='lat' dir='ltr'>IULI</span> <span class='ocrx_word' id='word_1_3' title='bbox 448 136 625 194; x_wconf 78' lang='lat' dir='ltr'>FRONTINI</span> <span class='ocrx_word' id='word_1_4' title='bbox 645 137 968 194; x_wconf 80' lang='lat' dir='ltr'>STRATEGEMATON</span> 
     </span>
    </p>
   </div>
   <div class='ocr_carea' id='block_1_2' title="bbox 97 300 1165 2054">
    <p class='ocr_par' dir='ltr' id='par_1_2' title="bbox 97 300 1165 2054">
     <span class='ocr_line' id='line_1_2' title="bbox 150 300 1163 385; baseline 0.002 -20"><span class='ocrx_word' id='word_1_5' title='bbox 150 301 217 365; x_wconf 92' lang='lat' dir='ltr'>suis</span> <span class='ocrx_word' id='word_1_6' title='bbox 239 300 339 365; x_wconf 89' lang='lat' dir='ltr'>nandi</span> <span class='ocrx_word' id='word_1_7' title='bbox 358 305 391 365; x_wconf 93' lang='lat' dir='ltr'>et</span> <span class='ocrx_word' id='word_1_8' title='bbox 409 301 559 366; x_wconf 76' lang='lat' dir='ltr'>nauticae</span> <span class='ocrx_word' id='word_1_9' title='bbox 583 301 663 366; x_wconf 92' lang='lat' dir='ltr'>artis</span> <span class='ocrx_word' id='word_1_10' title='bbox 681 301 823 385; x_wconf 89' lang='lat' dir='ltr'>peritum</span> <span class='ocrx_word' id='word_1_11' title='bbox 846 301 942 366; x_wconf 92' lang='lat' dir='ltr'>iussit</span> <span class='ocrx_word' id='word_1_12' title='bbox 964 300 1163 367; x_wconf 87' lang='lat' dir='ltr'>insidentem</span> 
     </span>
     <span class='ocr_line' id='line_1_3' title="bbox 150 389 1163 474; baseline 0.003 -21"><span class='ocrx_word' id='word_1_13' title='bbox 150 389 276 455; x_wconf 90' lang='lat' dir='ltr'>duobus</span> <span class='ocrx_word' id='word_1_14' title='bbox 291 390 413 454; x_wconf 88' lang='lat' dir='ltr'>inflatis</span> <span class='ocrx_word' id='word_1_15' title='bbox 427 390 554 455; x_wconf 91' lang='lat' dir='ltr'>utribus</span> <span class='ocrx_word' id='word_1_16' title='bbox 568 390 696 454; x_wconf 88' lang='lat' dir='ltr'>litteras</span> <span class='ocrx_word' id='word_1_17' title='bbox 711 389 836 455; x_wconf 89' lang='lat' dir='ltr'>insutas</span> <span class='ocrx_word' id='word_1_18' title='bbox 850 389 1057 472; x_wconf 77' lang='lat' dir='ltr'><strong>habentibus,</strong></span> <span class='ocrx_word' id='word_1_19' title='bbox 1080 412 1163 474; x_wconf 89' lang='lat' dir='ltr'>quos</span> 
     </span>
     <span class='ocr_line' id='line_1_4' title="bbox 150 477 1161 563; baseline 0 -19"><span class='ocrx_word' id='word_1_20' title='bbox 150 479 191 544; x_wconf 89' lang='lat' dir='ltr'>ab</span> <span class='ocrx_word' id='word_1_21' title='bbox 214 477 368 544; x_wconf 88' lang='lat' dir='ltr'>inferiore</span> <span class='ocrx_word' id='word_1_22' title='bbox 391 483 486 563; x_wconf 91' lang='lat' dir='ltr'>parte</span> <span class='ocrx_word' id='word_1_23' title='bbox 509 478 634 544; x_wconf 89' lang='lat' dir='ltr'>duabus</span> <span class='ocrx_word' id='word_1_24' title='bbox 652 479 774 563; x_wconf 84' lang='lat' dir='ltr'>regulis</span> <span class='ocrx_word' id='word_1_25' title='bbox 796 479 883 544; x_wconf 90' lang='lat' dir='ltr'>inter</span> <span class='ocrx_word' id='word_1_26' title='bbox 906 500 940 543; x_wconf 89' lang='lat' dir='ltr'>se</span> <span class='ocrx_word' id='word_1_27' title='bbox 963 478 1161 544; x_wconf 88' lang='lat' dir='ltr'>distantibus</span> 
     </span>
     <span class='ocr_line' id='line_1_5' title="bbox 149 568 1165 652; baseline 0 -19"><span class='ocrx_word' id='word_1_28' title='bbox 149 568 374 647; x_wconf 84' lang='lat' dir='ltr'>commiserat,</span> <span class='ocrx_word' id='word_1_29' title='bbox 405 568 453 631; x_wconf 90' lang='lat' dir='ltr'>ire</span> <span class='ocrx_word' id='word_1_30' title='bbox 490 571 615 651; x_wconf 89' lang='lat' dir='ltr'>septem</span> <span class='ocrx_word' id='word_1_31' title='bbox 648 568 740 632; x_wconf 88' lang='lat' dir='ltr'>milia</span> <span class='ocrx_word' id='word_1_32' title='bbox 780 589 936 652; x_wconf 78' lang='lat' dir='ltr'><strong>passuum</strong></span> <span class='ocrx_word' id='word_1_33' title='bbox 972 568 1165 634; x_wconf 87' lang='lat' dir='ltr'>traiectum:</span> 
     </span>
     <span class='ocr_line' id='line_1_6' title="bbox 114 655 1162 742; baseline -0.004 -17"><span class='ocrx_word' id='word_1_34' title='bbox 114 676 130 726; x_wconf 79' lang='lat' dir='ltr'>o</span> <span class='ocrx_word' id='word_1_35' title='bbox 150 656 236 742; x_wconf 91' lang='lat' dir='ltr'>quod</span> <span class='ocrx_word' id='word_1_36' title='bbox 254 656 302 720; x_wconf 92' lang='lat' dir='ltr'>ita</span> <span class='ocrx_word' id='word_1_37' title='bbox 319 655 422 739; x_wconf 87' lang='lat' dir='ltr'>perite</span> <span class='ocrx_word' id='word_1_38' title='bbox 437 656 580 741; x_wconf 83' lang='lat' dir='ltr'>gregalis</span> <span class='ocrx_word' id='word_1_39' title='bbox 597 655 686 739; x_wconf 87' lang='lat' dir='ltr'>fecit,</span> <span class='ocrx_word' id='word_1_40' title='bbox 709 659 746 719; x_wconf 93' lang='lat' dir='ltr'>ut</span> <span class='ocrx_word' id='word_1_41' title='bbox 765 655 914 721; x_wconf 90' lang='lat' dir='ltr'>cruribus</span> <span class='ocrx_word' id='word_1_42' title='bbox 933 656 1025 720; x_wconf 92' lang='lat' dir='ltr'>uelut</span> <span class='ocrx_word' id='word_1_43' title='bbox 1043 657 1162 742; x_wconf 86' lang='lat' dir='ltr'>guber-</span> 
     </span>
     <span class='ocr_line' id='line_1_7' title="bbox 149 743 1163 830; baseline 0.001 -21"><span class='ocrx_word' id='word_1_44' title='bbox 149 745 273 810; x_wconf 89' lang='lat' dir='ltr'>naculis</span> <span class='ocrx_word' id='word_1_45' title='bbox 301 743 442 809; x_wconf 86' lang='lat' dir='ltr'>dimissis</span> <span class='ocrx_word' id='word_1_46' title='bbox 471 765 599 809; x_wconf 90' lang='lat' dir='ltr'>cursum</span> <span class='ocrx_word' id='word_1_47' title='bbox 629 744 784 829; x_wconf 88' lang='lat' dir='ltr'>dirigeret</span> <span class='ocrx_word' id='word_1_48' title='bbox 814 749 847 809; x_wconf 92' lang='lat' dir='ltr'>et</span> <span class='ocrx_word' id='word_1_49' title='bbox 872 745 986 829; x_wconf 90' lang='lat' dir='ltr'>procul</span> <span class='ocrx_word' id='word_1_50' title='bbox 1013 746 1163 830; x_wconf 88' lang='lat' dir='ltr'>uisentis,</span> 
     </span>
     <span class='ocr_line' id='line_1_8' title="bbox 149 833 1162 919; baseline 0 -21"><span class='ocrx_word' id='word_1_51' title='bbox 149 834 206 919; x_wconf 92' lang='lat' dir='ltr'>qui</span> <span class='ocrx_word' id='word_1_52' title='bbox 237 835 272 898; x_wconf 91' lang='lat' dir='ltr'>in</span> <span class='ocrx_word' id='word_1_53' title='bbox 304 833 446 898; x_wconf 88' lang='lat' dir='ltr'>statione</span> <span class='ocrx_word' id='word_1_54' title='bbox 479 837 589 918; x_wconf 85' lang='lat' dir='ltr'>erant,</span> <span class='ocrx_word' id='word_1_55' title='bbox 620 834 765 898; x_wconf 88' lang='lat' dir='ltr'>marinae</span> <span class='ocrx_word' id='word_1_56' title='bbox 797 834 904 918; x_wconf 85' lang='lat' dir='ltr'>specie</span> <span class='ocrx_word' id='word_1_57' title='bbox 930 833 1046 898; x_wconf 89' lang='lat' dir='ltr'>beluae</span> <span class='ocrx_word' id='word_1_58' title='bbox 1078 834 1162 898; x_wconf 89' lang='lat' dir='ltr'>deci·</span> 
     </span>
     <span class='ocr_line' id='line_1_9' title="bbox 173 925 249 988; baseline 0.013 -1"><span class='ocrx_word' id='word_1_59' title='bbox 173 925 249 988; x_wconf 88' lang='lat' dir='ltr'>eret.</span> 
     </span>
     <span class='ocr_line' id='line_1_10' title="bbox 149 946 1163 1095; baseline 0 -20"><span class='ocrx_word' id='word_1_60' title='bbox 149 946 170 1008; x_wconf 76' lang='lat' dir='ltr'>p</span> <span class='ocrx_word' id='word_1_61' title='bbox 218 1012 247 1075; x_wconf 80' lang='lat'>7.</span> <span class='ocrx_word' id='word_1_62' title='bbox 278 1009 407 1075; x_wconf 77' lang='lat' dir='ltr'>Hirtius</span> <span class='ocrx_word' id='word_1_63' title='bbox 431 1010 545 1076; x_wconf 90' lang='lat' dir='ltr'>consul</span> <span class='ocrx_word' id='word_1_64' title='bbox 567 1010 608 1075; x_wconf 92' lang='lat' dir='ltr'>ad</span> <span class='ocrx_word' id='word_1_65' title='bbox 626 1010 796 1076; x_wconf 90' lang='lat' dir='ltr'>Decimum</span> <span class='ocrx_word' id='word_1_66' title='bbox 814 1009 963 1093; x_wconf 86' lang='lat' dir='ltr'>Brutum,</span> <span class='ocrx_word' id='word_1_67' title='bbox 987 1011 1044 1095; x_wconf 92' lang='lat' dir='ltr'>qui</span> <span class='ocrx_word' id='word_1_68' title='bbox 1065 1009 1163 1076; x_wconf 89' lang='lat' dir='ltr'>Muti-</span> 
     </span>
     <span class='ocr_line' id='line_1_11' title="bbox 97 1099 1164 1184; baseline -0.004 -15"><span class='ocrx_word' id='word_1_69' title='bbox 97 1119 130 1169; x_wconf 92' lang='lat'>10</span> <span class='ocrx_word' id='word_1_70' title='bbox 151 1117 211 1164; x_wconf 88' lang='lat' dir='ltr'>uae</span> <span class='ocrx_word' id='word_1_71' title='bbox 245 1099 286 1164; x_wconf 90' lang='lat' dir='ltr'>ab</span> <span class='ocrx_word' id='word_1_72' title='bbox 313 1099 459 1165; x_wconf 87' lang='lat' dir='ltr'>Antonio</span> <span class='ocrx_word' id='word_1_73' title='bbox 488 1099 716 1184; x_wconf 76' lang='lat' dir='ltr'>obsidebatur,</span> <span class='ocrx_word' id='word_1_74' title='bbox 749 1100 877 1164; x_wconf 89' lang='lat' dir='ltr'>litteras</span> <span class='ocrx_word' id='word_1_75' title='bbox 906 1099 1044 1164; x_wconf 82' lang='lat' dir='ltr'>subinde</span> <span class='ocrx_word' id='word_1_76' title='bbox 1071 1100 1164 1165; x_wconf 91' lang='lat' dir='ltr'>misit</span> 
     </span>
     <span class='ocr_line' id='line_1_12' title="bbox 149 1188 1164 1274; baseline 0.001 -21"><span class='ocrx_word' id='word_1_77' title='bbox 149 1188 284 1274; x_wconf 94' lang='lat' dir='ltr'>plumbo</span> <span class='ocrx_word' id='word_1_78' title='bbox 305 1189 453 1272; x_wconf 85' lang='lat' dir='ltr'>scriptas,</span> <span class='ocrx_word' id='word_1_79' title='bbox 478 1188 596 1273; x_wconf 91' lang='lat' dir='ltr'>quibus</span> <span class='ocrx_word' id='word_1_80' title='bbox 620 1188 661 1253; x_wconf 88' lang='lat' dir='ltr'>ad</span> <span class='ocrx_word' id='word_1_81' title='bbox 680 1188 849 1254; x_wconf 89' lang='lat' dir='ltr'>brachium</span> <span class='ocrx_word' id='word_1_82' title='bbox 871 1189 1019 1273; x_wconf 80' lang='lat' dir='ltr'>religatis</span> <span class='ocrx_word' id='word_1_83' title='bbox 1042 1188 1164 1254; x_wconf 88' lang='lat' dir='ltr'>milites</span> 
     </span>
     <span class='ocr_line' id='line_1_13' title="bbox 150 1275 723 1343; baseline -0.005 0"><span class='ocrx_word' id='word_1_84' title='bbox 150 1275 360 1343; x_wconf 82' lang='lat' dir='ltr'>Scultennam</span> <span class='ocrx_word' id='word_1_85' title='bbox 383 1299 513 1342; x_wconf 88' lang='lat' dir='ltr'>amnem</span> <span class='ocrx_word' id='word_1_86' title='bbox 534 1277 723 1342; x_wconf 88' lang='lat' dir='ltr'>tranabant.</span> 
     </span>
     <span class='ocr_line' id='line_1_14' title="bbox 218 1364 1164 1450; baseline -0.004 -18"><span class='ocrx_word' id='word_1_87' title='bbox 218 1367 247 1432; x_wconf 88' lang='lat'>8.</span> <span class='ocrx_word' id='word_1_88' title='bbox 278 1365 368 1430; x_wconf 82' lang='lat' dir='ltr'>Idem</span> <span class='ocrx_word' id='word_1_89' title='bbox 392 1365 569 1444; x_wconf 84' lang='lat' dir='ltr'>columbis,</span> <span class='ocrx_word' id='word_1_90' title='bbox 592 1387 673 1450; x_wconf 91' lang='lat' dir='ltr'>quas</span> <span class='ocrx_word' id='word_1_91' title='bbox 697 1365 840 1430; x_wconf 90' lang='lat' dir='ltr'>inclusas</span> <span class='ocrx_word' id='word_1_92' title='bbox 864 1368 940 1429; x_wconf 90' lang='lat' dir='ltr'>ante</span> <span class='ocrx_word' id='word_1_93' title='bbox 963 1364 1108 1430; x_wconf 88' lang='lat' dir='ltr'>tenebris</span> <span class='ocrx_word' id='word_1_94' title='bbox 1131 1370 1164 1430; x_wconf 90' lang='lat' dir='ltr'>et</span> 
     </span>
     <span class='ocr_line' id='line_1_15' title="bbox 150 1453 1164 1537; baseline 0.001 -20"><span class='ocrx_word' id='word_1_95' title='bbox 150 1453 237 1519; x_wconf 86' lang='lat' dir='ltr'>fame</span> <span class='ocrx_word' id='word_1_96' title='bbox 269 1454 449 1537; x_wconf 82' lang='lat' dir='ltr'>adfecerat,</span> <span class='ocrx_word' id='word_1_97' title='bbox 483 1453 640 1537; x_wconf 87' lang='lat' dir='ltr'>epistulas</span> <span class='ocrx_word' id='word_1_98' title='bbox 668 1457 760 1518; x_wconf 85' lang='lat' dir='ltr'>saeta</span> <span class='ocrx_word' id='word_1_99' title='bbox 787 1454 828 1517; x_wconf 88' lang='lat' dir='ltr'>ad</span> <span class='ocrx_word' id='word_1_100' title='bbox 858 1454 979 1518; x_wconf 92' lang='lat' dir='ltr'>collum</span> <span class='ocrx_word' id='word_1_101' title='bbox 1001 1454 1164 1537; x_wconf 83' lang='lat' dir='ltr'>religabat</span> 
     </span>
     <span class='ocr_line' id='line_1_16' title="bbox 98 1542 1162 1627; baseline -0.004 -17"><span class='ocrx_word' id='word_1_102' title='bbox 98 1559 130 1610; x_wconf 82' lang='lat'>15</span> <span class='ocrx_word' id='word_1_103' title='bbox 150 1564 269 1627; x_wconf 88' lang='lat' dir='ltr'>easque</span> <span class='ocrx_word' id='word_1_104' title='bbox 293 1564 313 1606; x_wconf 91' lang='lat' dir='ltr'>a</span> <span class='ocrx_word' id='word_1_105' title='bbox 334 1542 537 1627; x_wconf 86' lang='lat' dir='ltr'>propinquo,</span> <span class='ocrx_word' id='word_1_106' title='bbox 568 1542 603 1606; x_wconf 92' lang='lat' dir='ltr'>in</span> <span class='ocrx_word' id='word_1_107' title='bbox 631 1546 787 1627; x_wconf 89' lang='lat' dir='ltr'>qnantum</span> <span class='ocrx_word' id='word_1_108' title='bbox 815 1546 963 1625; x_wconf 88' lang='lat' dir='ltr'>poterat,</span> <span class='ocrx_word' id='word_1_109' title='bbox 991 1542 1162 1608; x_wconf 89' lang='lat' dir='ltr'>moenibus</span> 
     </span>
     <span class='ocr_line' id='line_1_17' title="bbox 149 1630 1164 1716; baseline 0.001 -21"><span class='ocrx_word' id='word_1_110' title='bbox 149 1632 221 1696; x_wconf 91' lang='lat' dir='ltr'>loco</span> <span class='ocrx_word' id='word_1_111' title='bbox 250 1631 431 1695; x_wconf 84' lang='lat' dir='ltr'>emittebat.</span> <span class='ocrx_word' id='word_1_112' title='bbox 480 1630 556 1695; x_wconf 90' lang='lat' dir='ltr'>illae</span> <span class='ocrx_word' id='word_1_113' title='bbox 583 1630 666 1697; x_wconf 89' lang='lat' dir='ltr'>lucis</span> <span class='ocrx_word' id='word_1_114' title='bbox 699 1631 828 1716; x_wconf 90' lang='lat' dir='ltr'>cibique</span> <span class='ocrx_word' id='word_1_115' title='bbox 857 1631 971 1696; x_wconf 89' lang='lat' dir='ltr'>auidae</span> <span class='ocrx_word' id='word_1_116' title='bbox 1002 1631 1164 1696; x_wconf 88' lang='lat' dir='ltr'>altissima</span> 
     </span>
     <span class='ocr_line' id='line_1_18' title="bbox 150 1719 1162 1806; baseline 0 -21"><span class='ocrx_word' id='word_1_117' title='bbox 150 1719 372 1785; x_wconf 90' lang='lat' dir='ltr'>aedificiorum</span> <span class='ocrx_word' id='word_1_118' title='bbox 400 1722 548 1804; x_wconf 87' lang='lat' dir='ltr'>petentes</span> <span class='ocrx_word' id='word_1_119' title='bbox 576 1719 820 1806; x_wconf 82' lang='lat' dir='ltr'>excipiebantur</span> <span class='ocrx_word' id='word_1_120' title='bbox 849 1743 869 1785; x_wconf 96' lang='lat' dir='ltr'>a</span> <span class='ocrx_word' id='word_1_121' title='bbox 892 1719 1012 1803; x_wconf 84' lang='lat' dir='ltr'>Bruto,</span> <span class='ocrx_word' id='word_1_122' title='bbox 1040 1719 1095 1803; x_wconf 91' lang='lat' dir='ltr'>qui</span> <span class='ocrx_word' id='word_1_123' title='bbox 1124 1741 1162 1785; x_wconf 92' lang='lat' dir='ltr'>eo</span> 
     </span>
     <span class='ocr_line' id='line_1_19' title="bbox 149 1808 1164 1894; baseline -0.001 -21"><span class='ocrx_word' id='word_1_124' title='bbox 149 1808 246 1874; x_wconf 89' lang='lat' dir='ltr'>modo</span> <span class='ocrx_word' id='word_1_125' title='bbox 262 1808 300 1873; x_wconf 89' lang='lat' dir='ltr'>de</span> <span class='ocrx_word' id='word_1_126' title='bbox 315 1809 464 1874; x_wconf 90' lang='lat' dir='ltr'>omnibus</span> <span class='ocrx_word' id='word_1_127' title='bbox 483 1809 579 1873; x_wconf 92' lang='lat' dir='ltr'>rebus</span> <span class='ocrx_word' id='word_1_128' title='bbox 598 1809 716 1875; x_wconf 84' lang='lat' dir='ltr'>certior</span> <span class='ocrx_word' id='word_1_129' title='bbox 733 1809 842 1893; x_wconf 86' lang='lat' dir='ltr'>fiebat,</span> <span class='ocrx_word' id='word_1_130' title='bbox 859 1808 971 1893; x_wconf 91' lang='lat' dir='ltr'>utique</span> <span class='ocrx_word' id='word_1_131' title='bbox 989 1814 1164 1894; x_wconf 91' lang='lat' dir='ltr'>postquam</span> 
     </span>
     <span class='ocr_line' id='line_1_20' title="bbox 150 1897 1165 1984; baseline -0.002 -22"><span class='ocrx_word' id='word_1_132' title='bbox 150 1897 309 1984; x_wconf 91' lang='lat' dir='ltr'>disposito</span> <span class='ocrx_word' id='word_1_133' title='bbox 338 1897 532 1982; x_wconf 89' lang='lat' dir='ltr'>quibusdam</span> <span class='ocrx_word' id='word_1_134' title='bbox 560 1898 640 1964; x_wconf 90' lang='lat' dir='ltr'>loeis</span> <span class='ocrx_word' id='word_1_135' title='bbox 668 1897 742 1964; x_wconf 91' lang='lat' dir='ltr'>cibo</span> <span class='ocrx_word' id='word_1_136' title='bbox 770 1897 937 1963; x_wconf 87' lang='lat' dir='ltr'>columbas</span> <span class='ocrx_word' id='word_1_137' title='bbox 967 1897 1045 1962; x_wconf 90' lang='lat' dir='ltr'>illue</span> <span class='ocrx_word' id='word_1_138' title='bbox 1069 1897 1165 1961; x_wconf 91' lang='lat' dir='ltr'>deuo·</span> 
     </span>
     <span class='ocr_line' id='line_1_21' title="bbox 97 1986 439 2054; baseline -0.003 -2"><span class='ocrx_word' id='word_1_139' title='bbox 97 2003 132 2054; x_wconf 75' lang='lat'>20</span> <span class='ocrx_word' id='word_1_140' title='bbox 150 1987 218 2052; x_wconf 87' lang='lat' dir='ltr'>lare</span> <span class='ocrx_word' id='word_1_141' title='bbox 241 1986 439 2052; x_wconf 89' lang='lat' dir='ltr'>instituerat.</span> 
     </span>
    </p>
   </div>
   <div class='ocr_carea' id='block_1_3' title="bbox 148 2209 1164 2356">
    <p class='ocr_par' dir='ltr' id='par_1_3' title="bbox 148 2209 1164 2356">
     <span class='ocr_line' id='line_1_22' title="bbox 148 2209 1164 2268; baseline 0.004 -4"><span class='ocrx_word' id='word_1_142' title='bbox 148 2209 237 2266; x_wconf 88' lang='lat' dir='ltr'>XIIII.</span> <span class='ocrx_word' id='word_1_143' title='bbox 265 2211 312 2264; x_wconf 85' lang='lat' dir='ltr'>DE</span> <span class='ocrx_word' id='word_1_144' title='bbox 336 2210 635 2267; x_wconf 80' lang='lat' dir='ltr'>INTRODUCENDIS</span> <span class='ocrx_word' id='word_1_145' title='bbox 658 2211 819 2268; x_wconf 83' lang='lat' dir='ltr'>AUXILIIS</span> <span class='ocrx_word' id='word_1_146' title='bbox 837 2213 885 2268; x_wconf 81' lang='grc' dir='ltr'>ΕΤ</span> <span class='ocrx_word' id='word_1_147' title='bbox 904 2211 1164 2268; x_wconf 80' lang='lat' dir='ltr'>OOMMIIATIBUS</span> 
     </span>
     <span class='ocr_line' id='line_1_23' title="bbox 523 2299 786 2356; baseline 0 -1"><span class='ocrx_word' id='word_1_148' title='bbox 523 2299 786 2356; x_wconf 80' lang='lat' dir='ltr'>SUGGERENDIS.</span> 
     </span>
    </p>
   </div>
   <div class='ocr_carea' id='block_1_4' title="bbox 96 2443 1164 2797">
    <p class='ocr_par' dir='ltr' id='par_1_4' title="bbox 218 2443 1162 2532">
     <span class='ocr_line' id='line_1_24' title="bbox 218 2443 1162 2532; baseline 0.002 -23"><span class='ocrx_word' id='word_1_149' title='bbox 218 2447 245 2509; x_wconf 90' lang='lat'>1.</span> <span class='ocrx_word' id='word_1_150' title='bbox 273 2443 365 2511; x_wconf 92' lang='lat' dir='ltr'>Bello</span> <span class='ocrx_word' id='word_1_151' title='bbox 381 2445 479 2529; x_wconf 85' lang='lat' dir='ltr'>ciuili,</span> <span class='ocrx_word' id='word_1_152' title='bbox 502 2468 575 2511; x_wconf 91' lang='lat' dir='ltr'>cum</span> <span class='ocrx_word' id='word_1_153' title='bbox 589 2446 719 2531; x_wconf 83' lang='lat' dir='ltr'>Ategua</span> <span class='ocrx_word' id='word_1_154' title='bbox 738 2445 815 2510; x_wconf 91' lang='lat' dir='ltr'>urbs</span> <span class='ocrx_word' id='word_1_155' title='bbox 838 2445 871 2511; x_wconf 92' lang='lat' dir='ltr'>in</span> <span class='ocrx_word' id='word_1_156' title='bbox 885 2445 1046 2532; x_wconf 87' lang='lat' dir='ltr'>Hispania</span> <span class='ocrx_word' id='word_1_157' title='bbox 1064 2445 1162 2512; x_wconf 91' lang='lat' dir='ltr'>Pom-</span> 
     </span>
    </p>

    <p class='ocr_par' dir='ltr' id='par_1_5' title="bbox 96 2533 1164 2797">
     <span class='ocr_line' id='line_1_25' title="bbox 109 2533 1163 2619; baseline 0.004 -23"><span class='ocrx_word' id='word_1_158' title='bbox 109 2541 112 2544; x_wconf 81' lang='grc'><strong>’</strong></span> <span class='ocrx_word' id='word_1_159' title='bbox 148 2534 338 2619; x_wconf 89' lang='lat' dir='ltr'>peianarum</span> <span class='ocrx_word' id='word_1_160' title='bbox 356 2534 498 2619; x_wconf 88' lang='lat' dir='ltr'>partium</span> <span class='ocrx_word' id='word_1_161' title='bbox 514 2535 727 2615; x_wconf 86' lang='lat' dir='ltr'>obsideretur,</span> <span class='ocrx_word' id='word_1_162' title='bbox 741 2533 876 2599; x_wconf 91' lang='lat' dir='ltr'>Maurus</span> <span class='ocrx_word' id='word_1_163' title='bbox 890 2536 974 2600; x_wconf 92' lang='lat' dir='ltr'>inter</span> <span class='ocrx_word' id='word_1_164' title='bbox 989 2534 1163 2618; x_wconf 84' lang='lat' dir='ltr'>noe&lt;tem&gt;</span> 
     </span>
     <span class='ocr_line' id='line_1_26' title="bbox 96 2621 1163 2710; baseline 0.001 -23"><span class='ocrx_word' id='word_1_165' title='bbox 96 2638 130 2689; x_wconf 79' lang='lat'>25</span> <span class='ocrx_word' id='word_1_166' title='bbox 149 2627 317 2707; x_wconf 88' lang='lat' dir='ltr'>tamquam</span> <span class='ocrx_word' id='word_1_167' title='bbox 355 2621 569 2689; x_wconf 80' lang='lat' dir='ltr'>Caesarianus</span> <span class='ocrx_word' id='word_1_168' title='bbox 610 2624 734 2692; x_wconf 83' lang='lat' dir='ltr'>tribuni</span> <span class='ocrx_word' id='word_1_169' title='bbox 775 2623 1003 2689; x_wconf 88' lang='lat' dir='ltr'>cornicularius</span> <span class='ocrx_word' id='word_1_170' title='bbox 1044 2624 1163 2710; x_wconf 85' lang='lat' dir='ltr'>uigiles</span> 
     </span>
     <span class='ocr_line' id='line_1_27' title="bbox 150 2711 1164 2797; baseline 0.002 -22"><span class='ocrx_word' id='word_1_171' title='bbox 150 2711 307 2795; x_wconf 90' lang='lat' dir='ltr'>quosdam</span> <span class='ocrx_word' id='word_1_172' title='bbox 330 2712 499 2778; x_wconf 85' lang='lat' dir='ltr'>excitauit:</span> <span class='ocrx_word' id='word_1_173' title='bbox 523 2734 561 2777; x_wconf 86' lang='lat' dir='ltr'>ex</span> <span class='ocrx_word' id='word_1_174' title='bbox 585 2714 701 2797; x_wconf 90' lang='lat' dir='ltr'>quibus</span> <span class='ocrx_word' id='word_1_175' title='bbox 725 2713 821 2797; x_wconf 90' lang='lat' dir='ltr'>&lt;cum</span> <span class='ocrx_word' id='word_1_176' title='bbox 843 2716 1000 2778; x_wconf 88' lang='lat' dir='ltr'>tessaram</span> <span class='ocrx_word' id='word_1_177' title='bbox 1024 2713 1164 2797; x_wconf 89' lang='lat' dir='ltr'>accepis·</span> 
     </span>
    </p>
   </div>
   <div class='ocr_carea' id='block_1_5' title="bbox 144 2939 1168 3580">
    <p class='ocr_par' dir='ltr' id='par_1_6' title="bbox 147 2939 1168 3278">
     <span class='ocr_line' id='line_1_28' title="bbox 221 2939 1168 3009; baseline 0.004 -17"><span class='ocrx_word' id='word_1_178' title='bbox 221 2943 235 2992; x_wconf 92' lang='lat'><strong>1</strong></span> <span class='ocrx_word' id='word_1_179' title='bbox 254 2939 427 2994; x_wconf 87' lang='lat' dir='ltr'>insedentem</span> <span class='ocrx_word' id='word_1_180' title='bbox 441 2939 485 2994; x_wconf 82' lang='grc' dir='ltr'>Ηι</span> <span class='ocrx_word' id='word_1_181' title='bbox 500 2944 506 3009; x_wconf 75' lang='lat' dir='ltr'>l</span> <span class='ocrx_word' id='word_1_182' title='bbox 526 2945 544 2993; x_wconf 83' lang='lat'>4</span> <span class='ocrx_word' id='word_1_183' title='bbox 561 2939 641 2995; x_wconf 90' lang='lat' dir='ltr'>milia</span> <span class='ocrx_word' id='word_1_184' title='bbox 654 2941 674 2995; x_wconf 79' lang='lat' dir='ltr'>d</span> <span class='ocrx_word' id='word_1_185' title='bbox 691 2939 802 2995; x_wconf 87' lang='lat' dir='ltr'>milium</span> <span class='ocrx_word' id='word_1_186' title='bbox 816 2941 851 2996; x_wconf 88' lang='lat' dir='ltr'><strong><em>H</em></strong></span> <span class='ocrx_word' id='word_1_187' title='bbox 853 2941 881 2996; x_wconf 94' lang='lat' dir='ltr'><strong><em>P</em></strong></span> <span class='ocrx_word' id='word_1_188' title='bbox 893 2943 897 3007; x_wconf 92' lang='grc' dir='ltr'>Ι</span> <span class='ocrx_word' id='word_1_189' title='bbox 918 2947 934 2995; x_wconf 86' lang='grc'>6</span> <span class='ocrx_word' id='word_1_190' title='bbox 953 2939 1168 2996; x_wconf 81' lang='lat' dir='ltr'>dimissisH¹P</span> 
     </span>
     <span class='ocr_line' id='line_1_29' title="bbox 148 3010 1163 3084; baseline 0.001 -18"><span class='ocrx_word' id='word_1_191' title='bbox 148 3010 275 3066; x_wconf 89' lang='lat' dir='ltr'>demissis</span> <span class='ocrx_word' id='word_1_192' title='bbox 294 3012 332 3080; x_wconf 73' lang='lat' dir='ltr'>bl</span> <span class='ocrx_word' id='word_1_193' title='bbox 358 3016 373 3065; x_wconf 78' lang='lat'>‘1</span> <span class='ocrx_word' id='word_1_194' title='bbox 392 3013 501 3065; x_wconf 91' lang='lat' dir='ltr'>marina</span> <span class='ocrx_word' id='word_1_195' title='bbox 514 3011 560 3078; x_wconf 90' lang='grc' dir='ltr'>ΡΙ</span> <span class='ocrx_word' id='word_1_196' title='bbox 581 3017 597 3066; x_wconf 84' lang='grc'>9</span> <span class='ocrx_word' id='word_1_197' title='bbox 616 3011 712 3066; x_wconf 90' lang='lat' dir='ltr'>Hirtus</span> <span class='ocrx_word' id='word_1_198' title='bbox 722 3012 786 3079; x_wconf 72' lang='lat' dir='ltr'>H¹1</span> <span class='ocrx_word' id='word_1_199' title='bbox 810 3019 841 3068; x_wconf 94' lang='grc'>11</span> <span class='ocrx_word' id='word_1_200' title='bbox 861 3011 1023 3084; x_wconf 75' lang='lat' dir='ltr'>lIgatisHl</span> <span class='ocrx_word' id='word_1_201' title='bbox 1049 3017 1082 3065; x_wconf 77' lang='lat'>12</span> <span class='ocrx_word' id='word_1_202' title='bbox 1101 3029 1163 3067; x_wconf 91' lang='lat' dir='ltr'>scu-</span> 
     </span>
     <span class='ocr_line' id='line_1_30' title="bbox 147 3080 1163 3152; baseline 0.002 -15"><span class='ocrx_word' id='word_1_203' title='bbox 147 3080 247 3137; x_wconf 89' lang='lat' dir='ltr'>tellam</span> <span class='ocrx_word' id='word_1_204' title='bbox 262 3080 297 3135; x_wconf 89' lang='lat' dir='ltr'><strong><em>H</em></strong></span> <span class='ocrx_word' id='word_1_205' title='bbox 317 3080 475 3136; x_wconf 86' lang='lat' dir='ltr'>scultellam</span> <span class='ocrx_word' id='word_1_206' title='bbox 495 3082 530 3150; x_wconf 89' lang='lat' dir='ltr'>P,</span> <span class='ocrx_word' id='word_1_207' title='bbox 547 3099 595 3138; x_wconf 83' lang='lat' dir='ltr'>em.</span> <span class='ocrx_word' id='word_1_208' title='bbox 616 3083 694 3138; x_wconf 80' lang='lat' dir='ltr'>Mod.</span> <span class='ocrx_word' id='word_1_209' title='bbox 715 3083 720 3151; x_wconf 92' lang='grc' dir='ltr'>Ι</span> <span class='ocrx_word' id='word_1_210' title='bbox 744 3088 777 3137; x_wconf 83' lang='grc'>13</span> <span class='ocrx_word' id='word_1_211' title='bbox 797 3083 939 3139; x_wconf 86' lang='lat' dir='ltr'>columbas</span> <span class='ocrx_word' id='word_1_212' title='bbox 956 3083 975 3138; x_wconf 72' lang='lat' dir='ltr'>le</span> <span class='ocrx_word' id='word_1_213' title='bbox 995 3085 1000 3152; x_wconf 86' lang='grc' dir='ltr'>Ι</span> <span class='ocrx_word' id='word_1_214' title='bbox 1025 3100 1095 3151; x_wconf 90' lang='lat' dir='ltr'>quas</span> <span class='ocrx_word' id='word_1_215' title='bbox 1113 3100 1163 3139; x_wconf 89' lang='lat' dir='ltr'>om.</span> 
     </span>
     <span class='ocr_line' id='line_1_31' title="bbox 148 3152 1163 3278; baseline 0.003 -72"><span class='ocrx_word' id='word_1_216' title='bbox 148 3152 192 3278; x_wconf 51' lang='lat' dir='ltr'>{I</span> <span class='ocrx_word' id='word_1_217' title='bbox 202 3157 206 3220; x_wconf 89' lang='grc' dir='ltr'>Ι</span> <span class='ocrx_word' id='word_1_218' title='bbox 223 3158 271 3278; x_wconf 46' lang='grc'>1384</span> <span class='ocrx_word' id='word_1_219' title='bbox 299 3152 432 3277; x_wconf 76' lang='lat' dir='ltr'>epistolas</span> <span class='ocrx_word' id='word_1_220' title='bbox 460 3153 495 3207; x_wconf 88' lang='lat' dir='ltr'><strong><em>H</em></strong></span> <span class='ocrx_word' id='word_1_221' title='bbox 516 3161 520 3221; x_wconf 72' lang='grc' dir='ltr'>Ι</span> <span class='ocrx_word' id='word_1_222' title='bbox 551 3158 612 3210; x_wconf 86' lang='lat' dir='ltr'>seta</span> <span class='ocrx_word' id='word_1_223' title='bbox 636 3155 690 3223; x_wconf 88' lang='grc' dir='ltr'>ΡΙ</span> <span class='ocrx_word' id='word_1_224' title='bbox 721 3160 754 3219; x_wconf 79' lang='grc'>15</span> <span class='ocrx_word' id='word_1_225' title='bbox 781 3155 929 3211; x_wconf 90' lang='lat' dir='ltr'>moenibus</span> <span class='ocrx_word' id='word_1_226' title='bbox 956 3152 1163 3209; x_wconf 82' lang='lat' dir='ltr'>Mutinensibus</span> 
     </span>
    </p>

    <p class='ocr_par' dir='ltr' id='par_1_7' title="bbox 190 3230 313 3279">
     <span class='ocr_line' id='line_1_32' title="bbox 190 3230 313 3279; baseline 0 -1"><span class='ocrx_word' id='word_1_227' title='bbox 190 3241 223 3278; x_wconf 86' lang='lat' dir='ltr'>oc</span> <span class='ocrx_word' id='word_1_228' title='bbox 254 3230 313 3279; x_wconf 82' lang='lat' dir='ltr'>mat</span> 
     </span>
    </p>

    <p class='ocr_par' dir='ltr' id='par_1_8' title="bbox 144 3294 1167 3580">
     <span class='ocr_line' id='line_1_33' title="bbox 219 3294 1165 3366; baseline 0.001 -16"><span class='ocrx_word' id='word_1_229' title='bbox 219 3301 254 3350; x_wconf 81' lang='lat'>24</span> <span class='ocrx_word' id='word_1_230' title='bbox 278 3294 421 3351; x_wconf 88' lang='lat' dir='ltr'>obsidetur</span> <span class='ocrx_word' id='word_1_231' title='bbox 443 3294 478 3349; x_wconf 88' lang='lat' dir='ltr'><strong><em>H</em></strong></span> <span class='ocrx_word' id='word_1_232' title='bbox 499 3296 504 3366; x_wconf 76' lang='grc' dir='ltr'>Ι</span> <span class='ocrx_word' id='word_1_233' title='bbox 528 3311 641 3352; x_wconf 88' lang='lat' dir='ltr'>maurus</span> <span class='ocrx_word' id='word_1_234' title='bbox 663 3296 698 3350; x_wconf 89' lang='grc' dir='ltr'><strong>Η</strong></span> <span class='ocrx_word' id='word_1_235' title='bbox 702 3296 730 3351; x_wconf 91' lang='grc' dir='ltr'><strong><em>Ρ</em></strong></span> <span class='ocrx_word' id='word_1_236' title='bbox 753 3296 896 3351; x_wconf 78' lang='lat' dir='ltr'>Munatius</span> <span class='ocrx_word' id='word_1_237' title='bbox 918 3297 1082 3352; x_wconf 61' lang='lat' dir='ltr'>Petronius</span> <span class='ocrx_word' id='word_1_238' title='bbox 1104 3298 1165 3353; x_wconf 83' lang='lat' dir='ltr'>coll.</span> 
     </span>
     <span class='ocr_line' id='line_1_34' title="bbox 147 3365 1167 3434; baseline 0.003 -15"><span class='ocrx_word' id='word_1_239' title='bbox 147 3365 233 3422; x_wconf 79' lang='lat' dir='ltr'>Dion.</span> <span class='ocrx_word' id='word_1_240' title='bbox 252 3371 298 3432; x_wconf 78' lang='grc'>43,</span> <span class='ocrx_word' id='word_1_241' title='bbox 317 3371 354 3422; x_wconf 78' lang='lat'>34</span> <span class='ocrx_word' id='word_1_242' title='bbox 373 3369 377 3434; x_wconf 95' lang='grc' dir='ltr'>Ι</span> <span class='ocrx_word' id='word_1_243' title='bbox 397 3366 473 3421; x_wconf 88' lang='lat' dir='ltr'>inter</span> <span class='ocrx_word' id='word_1_244' title='bbox 490 3370 602 3422; x_wconf 86' lang='lat' dir='ltr'>noctem</span> <span class='ocrx_word' id='word_1_245' title='bbox 620 3384 671 3423; x_wconf 77' lang='lat' dir='ltr'>ace</span> <span class='ocrx_word' id='word_1_246' title='bbox 688 3369 747 3424; x_wconf 85' lang='lat' dir='ltr'>coll.</span> <span class='ocrx_word' id='word_1_247' title='bbox 767 3368 871 3423; x_wconf 77' lang='lat' dir='ltr'>Dionis</span> <span class='ocrx_word' id='word_1_248' title='bbox 889 3369 907 3424; x_wconf 87' lang='lat' dir='ltr'>l.</span> <span class='ocrx_word' id='word_1_249' title='bbox 922 3369 940 3423; x_wconf 87' lang='lat' dir='ltr'>l.</span> <span class='ocrx_word' id='word_1_250' title='bbox 959 3368 1083 3423; x_wconf 84' lang='lat' dir='ltr'>interrex</span> <span class='ocrx_word' id='word_1_251' title='bbox 1101 3368 1167 3422; x_wconf 88' lang='grc' dir='ltr'>ΗΡ</span> 
     </span>
     <span class='ocr_line' id='line_1_35' title="bbox 148 3433 1164 3509; baseline 0.006 -21"><span class='ocrx_word' id='word_1_252' title='bbox 148 3433 178 3488; x_wconf 89' lang='lat' dir='ltr'>in</span> <span class='ocrx_word' id='word_1_253' title='bbox 200 3437 336 3491; x_wconf 86' lang='lat' dir='ltr'>tesseram</span> <span class='ocrx_word' id='word_1_254' title='bbox 360 3439 462 3494; x_wconf 82' lang='lat' dir='ltr'>Hartel</span> <span class='ocrx_word' id='word_1_255' title='bbox 481 3439 866 3509; x_wconf 56' lang='lat' dir='ltr'>praememoratam!</span> <span class='ocrx_word' id='word_1_256' title='bbox 889 3444 924 3494; x_wconf 77' lang='lat'>26</span> <span class='ocrx_word' id='word_1_257' title='bbox 944 3454 1007 3493; x_wconf 89' lang='lat' dir='ltr'>cum</span> <span class='ocrx_word' id='word_1_258' title='bbox 1029 3442 1164 3494; x_wconf 86' lang='lat' dir='ltr'>tesseram</span> 
     </span>
     <span class='ocr_line' id='line_1_36' title="bbox 144 3506 721 3580; baseline 0.016 -23"><span class='ocrx_word' id='word_1_259' title='bbox 144 3506 306 3574; x_wconf 82' lang='lat' dir='ltr'>accepisset</span> <span class='ocrx_word' id='word_1_260' title='bbox 322 3510 452 3580; x_wconf 79' lang='lat' dir='ltr'>suppleat</span> <span class='ocrx_word' id='word_1_261' title='bbox 470 3511 531 3566; x_wconf 83' lang='lat' dir='ltr'>coll.</span> <span class='ocrx_word' id='word_1_262' title='bbox 549 3511 652 3566; x_wconf 75' lang='lat' dir='ltr'>Dionia</span> <span class='ocrx_word' id='word_1_263' title='bbox 671 3510 689 3566; x_wconf 84' lang='lat' dir='ltr'>t.</span> <span class='ocrx_word' id='word_1_264' title='bbox 704 3511 721 3567; x_wconf 89' lang='lat' dir='ltr'>l.</span> 
     </span>
    </p>
   </div>
   <div class='ocr_carea' id='block_1_6' title="bbox 0 0 1238 3832">
    <p class='ocr_par' dir='ltr' id='par_1_9' title="bbox 0 0 1238 3832">
     <span class='ocr_line' id='line_1_37' title="bbox 0 0 1238 3832; baseline 0 0"><span class='ocrx_word' id='word_1_265' title='bbox 0 0 1238 3832; x_wconf 95' lang='lat' dir='ltr'> </span> 
     </span>
    </p>
   </div>
  </div>
 </body>
</html>
