2468 3832
145 145 189 209 46
350 144 426 200 IULI
443 143 623 200 PRONTINI
641 144 966 202 STRATEGEMATON

143 309 389 392 inquietaretur,
403 308 481 373 dum
498 311 572 374 tota
590 310 685 374 nocte
703 308 738 372 in
757 307 898 372 statione
917 308 1082 373 custodiae
1097 312 1159 394 est3

144 396 268 481 deinde,
281 401 318 461 ut
337 399 387 462 sui
405 419 500 462 mane
518 398 655 483 integris
674 396 799 462 uiribus
819 418 893 461 cum
911 397 1059 462 barbaris
1078 398 1160 483 uigi-

144 485 189 550 lia
208 486 429 551 marcentibus
455 486 681 571 confligerent,
704 486 777 551 loco
796 488 834 550 ut
851 485 1001 551 uoluerat
1020 491 1107 570 arto,
1124 488 1160 550 in

144 595 208 658 quo
227 573 351 639 Xerxes
369 574 576 639 multitudine
596 596 660 658 qua
679 574 870 658 praestabat
888 574 938 639 uti
955 595 1021 639 non
1038 579 1160 657 posset.

107 789 124 837 5
409 781 456 836 ΠΙ.
484 780 533 835 ΒΕ
552 781 636 837 ΑΟΙΕ
656 780 884 837 ORDINANDA.

210 929 238 994 1.
268 925 324 992 Cn.
344 925 453 1012 Scipio
476 927 511 991 in
534 925 694 1011 Hispania
718 926 873 991 aduersus
896 925 1092 992 Hannonem
1116 930 1157 992 ad

141 1015 296 1099 oppidum
314 1014 464 1100 Indibile,
482 1037 556 1080 cum
575 1013 858 1080 animaduertisset
875 1015 1031 1080 Punicam
1053 1016 1155 1081 aciem

140 1104 188 1168 ita
212 1103 380 1187 directam,
404 1104 492 1169 utin
511 1104 624 1169 dextro
644 1125 744 1168 cornu
759 1102 899 1188 Hispani
923 1105 1156 1169 constitueren-

139 1195 206 1277 tur,
228 1194 383 1259 robustus
402 1193 532 1276 quidem
550 1193 659 1277 miles,
677 1191 735 1256 sed
754 1192 809 1277 qui
827 1193 970 1258 alienum
990 1194 1157 1279 negotium

88 1299 121 1348 10
141 1285 264 1366 ageret,
293 1282 328 1346 in
357 1281 490 1346 sinistro
519 1285 628 1346 autem
656 1280 744 1364 Afri,
772 1281 880 1345 minus
908 1281 1033 1346 uiribus
1060 1283 1156 1366 firmi,

140 1371 195 1434 sed
225 1369 327 1435 animi
355 1371 607 1453 constantiores,
621 1369 766 1434 reducto
794 1369 927 1435 sinistro
956 1371 1058 1435 latere
1082 1393 1155 1436 suo-

139 1480 224 1541 rum,
247 1458 359 1522 dextro
380 1479 492 1541 cornu,
516 1458 601 1542 quod
620 1457 827 1522 ualidissimis
851 1457 1010 1523 militibus
1032 1463 1155 1524 exstru-

137 1549 244 1628 xerat,
272 1546 406 1630 obliqua
433 1547 501 1611 acie
529 1550 601 1612 cuin
629 1547 724 1611 hoste
747 1545 905 1611 conflixit:
935 1545 1048 1611 deinde
1071 1547 1154 1612 fusis

137 1634 322 1719 fugatisque
342 1634 431 1699 Afris
449 1633 629 1719 Hispanos,
652 1635 708 1718 qui
730 1634 766 1699 in
788 1655 917 1699 recessu
936 1636 1153 1718 spectantium

85 1740 226 1790 ramore
251 1726 422 1808 steterant,
444 1723 540 1789 facile
563 1725 595 1791 in
621 1722 816 1788 deditionem
839 1723 1006 1808 compulit.

204 1813 234 1879 2.
256 1812 428 1898 Philippus
451 1813 665 1878 Macedonum
687 1834 744 1877 rex
767 1812 921 1878 aduersus
944 1810 1073 1896 Hyllios
1098 1832 1153 1897 ge·

135 1923 210 1966 rens
225 1902 357 1986 bellum,
374 1907 411 1966 ut
427 1902 657 1968 animaduertit
674 1901 818 1966 frontem
836 1900 980 1966 hostium
995 1902 1152 1984 stipatam

136 1991 247 2056 electis
271 1990 310 2054 de
333 1994 404 2055 toto
429 1992 571 2056 exercitu
589 1990 683 2074 uiris,
705 1990 810 2056 latera
829 1993 940 2055 autem
962 1989 1151 2069 infirmiora,

135 2078 324 2143 fortissimis
344 2100 476 2143 suorum
490 2079 524 2143 in
539 2079 653 2144 dextro
668 2080 768 2143 cornu
782 2078 969 2162 conlocatis,
983 2080 1151 2144 sinistrum

82 2183 116 2231 20
134 2165 221 2230 latus
249 2164 394 2230 hostium
422 2166 543 2231 inuasit
569 2165 765 2250 turbataque
791 2170 864 2232 tota
887 2167 957 2231 acie
980 2168 1151 2232 uictoriam

132 2253 330 2339 profligauit.

201 2342 230 2407 3.
261 2342 452 2407 Pammenes
471 2341 659 2424 Thebanus,
684 2344 858 2426 conspecta
878 2340 1049 2405 Persarum
1072 2342 1150 2424 acie,

133 2453 215 2514 quae
239 2429 482 2496 robustissimas
506 2430 616 2514 copias
642 2432 678 2495 in
700 2431 813 2495 dextro
837 2451 937 2494 cornu
960 2430 1148 2495 conlocatas

131 2520 289 2602 habebat,
313 2518 413 2583 simili
431 2519 559 2585 ratione
579 2523 612 2584 et
630 2521 700 2604 ipse
725 2540 800 2584 suos
820 2517 984 2584 ordinauit
1006 2540 1148 2584 omnem-

78 2625 112 2674 aa
132 2630 193 2692 que
227 2607 407 2692 equitatum
439 2612 472 2673 et
499 2607 716 2674 fortissimum
748 2629 907 2693 quemque
938 2607 1083 2691 peditum
1115 2609 1151 2673 in

132 2697 244 2761 dextro
272 2718 386 2780 cornu,
413 2696 655 2764 infirmissimos
684 2700 791 2762 autem
814 2701 928 2762 contra
950 2696 1148 2762 fortissimos

130 2784 275 2848 hostiurn
297 2785 407 2868 posuit
429 2787 672 2872 praecepitque,
698 2789 736 2851 ut
760 2786 802 2851 ad
824 2786 967 2870 primum
989 2786 1148 2869 impetum

131 2895 240 2938 eorum
273 2873 353 2957 fuga
382 2873 446 2938 sibi
473 2875 678 2940 consulerent
706 2875 782 2958 <c>
809 2875 845 2939 in
874 2873 1040 2940 siluestria
1072 2895 1147 2939 con·

130 2962 325 3048 fragosaque
358 2961 432 3027 loca
464 2984 498 3028 se
530 2964 723 3049 reciperent:
759 2965 807 3028 ita
838 2961 997 3029 frustrato
1029 2961 1147 3027 robore

201 3163 214 3209 1
229 3153 365 3221 ¹custodia
382 3156 401 3210 d
417 3157 421 3224 Ι
444 3162 460 3209 3
479 3155 617 3210 marcenti
636 3154 687 3224 ΡΙ
712 3160 730 3208 4
747 3154 839 3210 xerxis
858 3155 893 3208 H
910 3155 914 3221 1
938 3153 1030 3222 possit
1047 3153 1083 3206 H
1098 3156 1103 3221 Ι
1129 3160 1145 3209 6

127 3242 267 3282 annonem
287 3226 338 3295 ΡΙ
365 3233 380 3282 ’1
399 3225 519 3282 Indibile
543 3227 603 3281 edd.
631 3225 757 3281 inclibile
772 3225 839 3279 ΗΡ
868 3224 984 3280 Indibili
1002 3223 1146 3279 Simsoaus

127 3295 264 3352 Intibilim
281 3297 350 3353 Oad.
369 3299 373 3365 Ι
390 3304 422 3351 11
440 3297 639 3353 constantioris
653 3296 697 3366 ΡΙ
712 3295 794 3351 miles
811 3294 919 3350 uiribus
937 3292 1074 3349 infirmior
1093 3296 1145 3350 sed

127 3368 213 3423 animi
237 3368 474 3424 constantiorisd
496 3371 500 3438 Ι
531 3375 564 3422 12
588 3366 742 3423 extrixerat
759 3366 804 3420 Η1
827 3369 833 3436 l
860 3365 1096 3434 respectandum
1114 3366 1149 3420 H

127 3439 303 3509 spectantum
318 3440 365 3504 ΡΙ
389 3445 422 3494 16
440 3439 558 3510 yllyrios
577 3440 623 3507 ΡΙ
649 3443 682 3493 18
702 3438 808 3494 electus
827 3437 922 3493 deioto
936 3437 1001 3506 H¹l
1028 3443 1059 3493 19
1079 3454 1144 3492 con-

119 3510 235 3563 locatus
252 3509 298 3563 Η1
317 3513 324 3578 j
349 3516 383 3567 28
402 3510 457 3565 sibi
475 3511 544 3581 fuga
563 3510 592 3564 P
612 3513 617 3580 Ι
642 3512 672 3566 et
688 3509 796 3580 supplet
813 3509 833 3563 d
