2468 3832
449 150 557 206 arana
574 151 622 210 m.
651 151 727 207 aar.
747 161 772 210 2.
1079 143 1120 220 9'1

174 318 205 385 5.
238 313 355 381 Oimon
382 315 447 379 dux
476 313 725 380 Atheniensium
755 317 790 380 in
821 313 920 382 (laria
948 317 1121 383 insidiatus

104 407 236 472 cuidam
268 404 395 470 ciuitati
426 403 616 488 religiosum
652 404 769 470 incolis
806 406 961 490 templum
995 405 1121 472 Dianae

106 497 287 579 lucumque,
311 493 367 578 qui
390 496 614 558 extramuros
638 495 718 579 erat,
740 498 840 560 noctu
862 494 1048 578 inprouisus
1071 495 1121 561 in·

106 584 227 648 cendit:
256 583 429 667 effusisque
456 580 627 667 oppidanis
656 582 698 648 ad
726 604 821 668 opem
849 583 1005 648 aduersus
1027 584 1120 668 ignes

106 671 272 746 ferendam
295 693 431 755 uacuam
454 670 678 737 defensoribus
702 671 789 756 cepit
811 672 935 738 urbem.
1140 690 1157 738 a

174 762 202 827 6.
236 759 424 826 Alcibiades
455 760 520 825 dux
549 758 812 845 Atheniensium,
844 782 918 826 cum
953 759 1122 825 ciuitatem

106 848 396 935 Agrigentinorum
420 848 551 934 egregie
573 848 732 913 munitam
756 847 929 933 obsideret,
951 849 1056 933 petito
1080 849 1122 914 ab

105 939 151 1003 eis
174 939 311 1005 concilio
335 938 391 1005 diu
413 941 583 1021 tamquam
606 937 645 1002 de
675 937 771 1003 rebus
795 938 835 1002 ad
859 959 1029 1005 commune
1052 958 1122 1021 per·

80 1027 284 1093 'tinentibus
307 1026 461 1092 disseruit
488 1026 524 1090 in
551 1024 696 1109 theatro,
723 1026 779 1092 ubi
807 1048 846 1091 ex
869 1048 959 1093 more
983 1026 1121 1092 Graeco·

104 1137 177 1179 rum
199 1118 290 1181 locus
314 1114 545 1180 consultationi
572 1113 803 1197 praebebatur:
831 1115 971 1200 dumque
994 1115 1121 1181 consilii
1142 1133 1174 1183 10

105 1203 213 1286 specie
242 1207 333 1268 tenet
362 1201 618 1285 multitudinem,
641 1201 876 1283 Athenienses,
909 1225 991 1288 quos
1019 1204 1061 1269 ad
1088 1203 1122 1268 id

104 1295 370 1376 praeparauerat,
392 1289 625 1357 incustoditam
648 1292 762 1357 urbem
786 1296 947 1377 ceperunt.

173 1383 202 1445 7.
234 1379 480 1464 Epaminondas
513 1366 686 1446 Thdbanus
719 1382 755 1446 in
782 1380 925 1447 Arcadia
954 1381 1005 1445 die
1035 1379 1120 1446 festo

105 1469 204 1534 effuse
228 1474 319 1535 extra
346 1468 474 1535 moenia
501 1470 700 1554 uagantibus
727 1470 874 1536 hostium
900 1469 1031 1535 feminis
1055 1470 1121 1553 ple-

103 1579 221 1643 rosque
254 1581 294 1624 ex
326 1558 485 1624 militibus
514 1558 581 1623 suis
608 1558 761 1625 muliebri
790 1563 909 1625 ornatu
938 1558 1120 1624 inmiscuit:
1142 1576 1173 1626 15

104 1665 168 1731 qua
191 1647 400 1712 simulatione
427 1646 477 1711 illi
503 1647 592 1711 intra
618 1651 731 1731 portas
760 1649 821 1712 sub
844 1652 973 1714 noctem
997 1647 1121 1730 recepti

104 1740 259 1820 oeperunt
282 1734 438 1820 oppidum
462 1739 495 1799 et
518 1734 586 1800 suis
610 1741 817 1819 aperuerunt

171 1826 200 1890 8.
228 1825 417 1908 Aristippus
448 1821 724 1889 Lacedaemonius
756 1823 841 1888 festo
874 1823 926 1888 die
963 1824 1120 1909 Tegeata-

103 1934 186 1996 rum,
210 1933 273 1997 quo
302 1911 407 1977 omnis
435 1910 611 1976 multitudo
636 1911 676 1975 ad
700 1910 931 1977 celebrandum
953 1911 1119 1977 Mineruae

105 2019 232 2065 sacrum
260 2000 340 2064 urbe
368 2020 501 2085 egressa
528 2004 612 2082 erat,
639 2000 786 2064 iumenta
814 2000 917 2066 saccis
944 2000 1120 2066 frumenta·
1138 2018 1173 2067 1ο

104 2088 160 2152 riis
184 2088 279 2172 palea
302 2088 429 2154 refertis
455 2091 573 2154 onusta
596 2088 738 2175 Tegeam
761 2089 861 2169 misit,
885 2090 1056 2176 agentibus
1081 2112 1119 2155 ea

104 2177 279 2262 militibus,
307 2179 361 2262 qui
384 2177 627 2263 negotiatorum
651 2178 757 2266 specie
780 2179 983 2246 inobseruati
1005 2181 1117 2264 portas

104 2270 301 2350 operuerunt
324 2267 401 2335 suis.

170 2355 200 2420 9.
228 2354 410 2423 Antiochus
437 2357 472 2420 in
502 2353 710 2441 Cappadocia
741 2379 780 2421 ex
815 2357 949 2422 castello
982 2355 1120 2440 Suenda,

102 2444 188 2528 quod
216 2444 399 2531 obsidebat,
425 2445 570 2510 iumenta
596 2444 831 2510 frumentatum
858 2465 990 2530 egressa
1020 2446 1118 2509 inter·
1137 2462 1171 2512 25

103 2532 190 2616 oepit
222 2533 400 2617 occisisque
429 2533 611 2615 calonibus,
639 2533 815 2598 eorundem
845 2533 966 2598 uestitu
997 2533 1117 2598 milites

104 2641 179 2684 suos
202 2623 369 2704 tamquam
393 2621 593 2685 frumentum
615 2624 820 2705 reportantes
845 2620 1022 2686 summisit:
1054 2643 1118 2707 quo

104 2728 211 2773 errore
238 2709 287 2772 illi
317 2708 506 2774 custodibus
538 2709 681 2793 deceptis
713 2709 882 2775 castellum
912 2710 1120 2776 intrauerunt

103 2797 368 2882 admiseruntque
391 2798 512 2863 milites
535 2797 700 2865 Antiochi

172 2887 221 2952 10.
250 2885 413 2971 Thebani,
445 2908 518 2953 cum
545 2891 677 2972 portum
706 2884 934 2971 Sicyoniorum
961 2887 1054 2952 nulla
1084 2889 1118 2952 ui
1137 2905 1170 2952 30

101 2975 247 3062 redigere
266 2975 300 3040 in
318 2979 514 3061 potestatem
534 2998 627 3042 suam
644 2979 787 3061 possent,
810 2998 926 3041 nauem
949 2977 1117 3061 ingentem

174 3169 355 3226 alerannum
373 3168 408 3223 Η
429 3171 434 3238 Ι
464 3167 648 3224 sobsederet
667 3167 694 3223 G
718 3170 723 3237 Ι
752 3169 905 3225 8consilio
925 3168 990 3225 GH
994 3169 1029 3236 P,
1047 3183 1117 3224 corr.

101 3243 160 3298 edd.
176 3245 182 3309 1
200 3247 233 3296 10
251 3240 419 3311 praebeatur
436 3239 482 3294 H¹
502 3242 506 3310 Ι
524 3245 554 3294 11
575 3238 698 3308 speciem
719 3238 801 3309 GH!
817 3239 847 3294 id
865 3257 915 3296 cm.
935 3241 980 3295 H1
995 3242 1000 3309 Ι
1017 3245 1051 3294 14
1069 3255 1117 3294 ua·

102 3312 232 3367 canthus
253 3312 279 3368 G
303 3316 307 3377 Ι
339 3318 371 3368 17
395 3312 585 3381 apperuerunt
598 3310 633 3364 H
658 3310 662 3382 Ι
688 3317 721 3365 11
744 3310 891 3380 paleaeG
920 3315 924 3380 Ι
951 3312 1072 3366 honesta
1091 3309 1118 3365 G

102 3384 201 3438 onesta
209 3384 254 3439 H1
270 3387 274 3444 Ι
291 3389 324 3438 13
335 3384 475 3453 apparunt
488 3382 523 3437 Η
535 3387 598 3437 ante
616 3397 685 3438 corr.
706 3384 762 3451 [14
781 3382 953 3452 cappodoeia
973 3381 1000 3437 G
1015 3385 1019 3451 1
1036 3399 1117 3438 suen·

102 3455 139 3509 da
157 3454 223 3510 GH
226 3455 255 3509 P
271 3453 384 3511 Soanda
404 3453 474 3510 Orod.
492 3453 496 3526 Ι
521 3459 555 3508 15
574 3450 762 3522 quodsidebat
779 3453 844 3522 H¹l
864 3454 1117 3510 strumentorum

100 3525 272 3594 reportantis
293 3524 319 3580 G
334 3525 339 3596 Ι
355 3531 390 3582 30
407 3525 552 3595 portatum
570 3525 597 3581 G
612 3525 616 3594 Ι
633 3524 821 3594 sycioniorum
836 3525 871 3580 Η
