2468 3832
415 129 523 184 LIBER
540 129 562 187 1.
590 129 667 186 cAP.
688 134 765 184 5-6.

254 344 301 399 Ἦ.
330 342 378 398 ΒΕ
397 341 544 398 INSIDIIS
562 343 604 397 IN
621 340 773 396 ITINERE
792 341 928 398 FACTIS.

156 475 183 539 1.
213 472 347 537 Fuluius
373 469 539 555 Nobilior,
568 491 640 534 curn
668 491 707 534 ex
735 467 868 534 Samnio
895 471 930 534 in
953 469 1100 537 Lucanos

86 562 264 627 exereitum
297 560 429 624 duceret
459 562 492 623 et
525 560 733 644 cognouisset
762 581 781 624 a
808 558 956 643 perfugis
988 558 1100 625 hostes

24 689 27 695 ·
86 650 300 717 nouissimum
329 670 447 734 agmen
473 649 542 712 eius
566 648 790 733 adgressuros,
817 645 1033 713 fortissimam
1055 649 1101 712 le-

88 741 218 826 gionem
249 738 356 823 primo
389 737 449 821 ire,
480 737 598 801 ultima
630 737 721 820 sequi
749 736 845 802 iussit
872 735 1136 821 inpedimentac

85 830 134 894 ita
156 827 279 893 factum
301 848 361 911 pro
386 825 553 891 occasione
577 825 718 909 amplexi
741 825 854 890 hostes
873 824 1013 910 diripere
1033 847 1101 890 sar-

79 919 173 984 cinas
211 917 402 1001 coeperunt:
447 914 585 979 Fuluius
622 915 798 998 legionem,
835 913 874 979 de
906 936 970 998 qua
1003 936 1101 999 supra

84 1007 208 1071 dictum
231 1007 295 1090 est,
319 1004 462 1088 quinque
486 1002 636 1067 cohortes
654 1003 687 1066 in
707 1002 854 1068 dextram
876 1003 949 1069 uiae
970 1006 1100 1086 partem

84 1093 217 1176 direxit,
248 1093 391 1176 quinque
415 1090 455 1154 ad
483 1092 663 1174 sinistram,
695 1094 792 1176 atque
819 1091 867 1156 ita
897 1092 1100 1176 praedationi

82 1183 231 1247 intentos
253 1179 376 1245 'hostes
408 1179 570 1263 explicato
603 1201 661 1264 per
692 1182 828 1263 utraque
860 1179 966 1245 latera
996 1181 1153 1247 militem
1207 1229 1212 1238 .

83 1270 202 1336 clausit
224 1268 412 1353 ceciditque.

151 1359 182 1423 2.
211 1357 315 1441 Idem,
342 1357 494 1422 hostibus
517 1360 645 1442 tergum
669 1357 738 1422 eius
761 1357 796 1422 in
817 1356 934 1422 itinere
955 1378 1100 1440 premen-

83 1448 185 1532 tibus,
208 1447 339 1511 flumine
363 1445 600 1511 interueniente
622 1468 688 1514 non
710 1445 759 1510 ita
781 1465 913 1530 magne,
936 1449 974 1510 ut
995 1448 1100 1512 trans·

82 1538 165 1601 itum
188 1535 388 1620 prohiberet,
411 1539 593 1601 moraretur
614 1539 726 1600 tamen
749 1534 939 1620 rapiditate,
962 1535 1099 1600 alteram

82 1627 246 1710 legionem
269 1624 303 1689 in
322 1624 448 1689 occulto
467 1625 549 1688 citra
566 1624 687 1689 flumen
707 1623 904 1703 conlocauit,
927 1627 965 1689 ut
986 1624 1098 1690 hostes
1119 1641 1152 1692 15

82 1714 248 1799 paucitate
276 1715 463 1795 contempta
491 1711 643 1777 audacius
673 1715 898 1796 sequerentur:
928 1712 1014 1796 quod
1042 1713 1098 1778 ubi

82 1802 206 1868 factum
232 1804 295 1884 est,
317 1800 417 1884 legio,
441 1821 523 1883 quae
547 1801 588 1865 ob
611 1800 674 1864 hoe
697 1800 858 1883 disposita
882 1804 965 1882 erat,
989 1823 1027 1865 ex
1050 1803 1098 1865 in-

81 1891 175 1956 sidiis
198 1889 326 1954 hostem
351 1888 506 1973 adgressa
529 1888 682 1953 uastauit.

152 1979 182 2043 3.
204 1977 384 2062 Iphicrates
403 1976 439 2040 in
457 1975 609 2061 Thracia,
628 1998 700 2042 eum
723 1980 857 2062 propter
877 1976 1098 2043 condicionem

84 2067 229 2132 locorum
252 2066 388 2150 longum
411 2086 531 2151 agmen
555 2065 725 2132 deduceret
749 2069 781 2130 et
802 2065 990 2130 nuntiatum
1013 2071 1099 2132 esset
1117 2087 1151 2136 ao

86 2156 117 2220 ei
135 2155 247 2220 hostes
267 2175 429 2219 summum
447 2154 480 2218 id
499 2154 722 2238 adgressuros,
742 2154 892 2221 cohortes
911 2156 945 2221 in
960 2160 1098 2241 utraque

85 2245 188 2309 latera
216 2243 363 2309 secedere
387 2247 420 2310 et
443 2243 620 2309 consistere
647 2244 755 2328 iussit,
783 2247 908 2310 ceteros
937 2247 1099 2331 suffugere

84 2336 119 2398 et
137 2334 201 2398 iter
220 2335 397 2416 maturare3
420 2336 608 2398 transeunte
627 2337 737 2398 autem
755 2337 826 2398 toto
842 2333 972 2417 agmine
990 2335 1098 2400 lectis·

85 2423 184 2487 simos
214 2443 358 2507 quosque
384 2421 519 2486 retinuit
546 2425 581 2486 et
607 2422 656 2486 ita
681 2422 804 2506 passim
832 2423 917 2487 eirca
944 2424 1098 2505 praedam

85 2514 259 2594 occupatos
287 2509 411 2595 hostes,
438 2510 505 2573 iam
530 2511 628 2574 etiarn
651 2509 824 2595 fatigatos,
850 2511 920 2594 ipse
943 2510 1097 2594 requietis
1116 2531 1150 2579 ao

83 2605 118 2663 et
141 2598 301 2663 ordinatis
324 2597 391 2661 suis
415 2597 587 2681 adgressus
610 2598 696 2662 fudit
719 2598 870 2681 exuitque
891 2597 1021 2681 praeda.

150 2686 181 2749 4.
212 2685 288 2750 Boii
319 2685 354 2749 in
387 2684 470 2748 silua
499 2683 631 2768 Litana,
664 2707 763 2770 quam
794 2686 994 2751 transiturus
1027 2693 1097 2754 erat

153 2867 167 2915 1
188 2861 217 2914 iu
236 2865 262 2914 et
279 2857 365 2915 factis
382 2875 433 2916 om.
448 2859 494 2928 ΡΙ
511 2866 526 2915 7
545 2858 650 2913 fuluius
665 2859 706 2926 Η,
722 2861 770 2916 sed
787 2859 818 2913 ul
835 2862 868 2916 ic
884 2876 940 2916 ras.
954 2862 972 2916 t
988 2865 992 2931 Ι
1008 2861 1097 2932 legio·

80 2933 155 2988 nisd
171 2935 175 2999 Ι
192 2938 208 2987 8
228 2931 351 3001 quinque
383 2931 425 2987 .V.
440 2931 475 2985 H
487 2933 492 3000 l
508 2936 524 2985 9
538 2931 716 3000 praedationi
729 2931 770 2997 H,
787 2933 834 2987 sed
847 2933 895 2988 alt.
910 2933 973 2987 ae'c
986 2933 1074 2988 raah
1091 2933 1094 3004 i

82 3008 115 3058 13
135 3004 202 3057 dum
220 3002 334 3056 flumine
382 3043 391 3069 ,
409 3003 458 3056 aba·
476 3018 574 3057 umnec
591 3003 715 3071 fluminis
734 3004 816 3058 lutere
834 3004 904 3058 coni.
925 3002 995 3058 Ocu.
1013 3006 1017 3073 Ι
1040 3020 1097 3059 non

78 3075 122 3129 ita
133 3073 209 3140 (lata
219 3072 276 3142 H1)
293 3072 443 3142 magnoH
456 3088 590 3142 superser.
604 3074 684 3128 tabet
699 3073 704 3144 Ι
719 3076 752 3129 ut
765 3074 870 3130 om.H¹
886 3078 890 3140 Ι
908 3078 942 3127 14
959 3075 1100 3131 tamenH

79 3147 112 3200 ia
129 3161 185 3200 ras.
202 3149 207 3213 1
223 3145 344 3200 alterum
358 3143 404 3198 Η1
419 3145 423 3213 Ι
441 3149 474 3197 15
492 3143 580 3198 hostis
594 3144 645 3217 ΗΙ
663 3149 696 3198 17
711 3145 786 3215 legio
803 3160 853 3200 om.
868 3143 913 3199 Η1
928 3146 933 3214 Ι
950 3150 984 3199 18
1002 3147 1096 3201 uasta·

79 3215 124 3270 uit
137 3216 172 3271 H
186 3218 219 3271 ic
236 3231 291 3271 ras.
318 3215 323 3288 Ι
349 3220 382 3270 19
401 3213 522 3269 Thracia
534 3214 637 3270 Παντεῖ
662 3217 781 3270 traciam
795 3215 840 3270 ΙΙ1
861 3215 1000 3271 thraciam
1018 3217 1092 3290 hPi

79 3291 116 3341 20
134 3303 237 3356 agmen
255 3303 306 3343 orn.
325 3286 377 3354 ΗΙ
402 3285 620 3347 duduceret,H¹
639 3289 644 3352 Ι
669 3287 699 3340 in
718 3286 834 3356 longum
853 3304 879 3342 a.
898 3286 1043 3343 diduceret
1061 3319 1095 3331 -·

80 3356 117 3411 ob
135 3357 165 3412 id
184 3358 287 3414 Hartel
311 3360 315 3425 Ι
340 3363 375 3412 27
393 3354 457 3412 Boii
474 3357 504 3410 in
525 3357 552 3410 P
568 3355 651 3411 Boni
668 3356 698 3411 in
718 3357 742 3412 0
768 3358 838 3412 Boni
856 3357 902 3412 H¹
927 3356 1066 3416 Bouinit

79 3427 173 3554 latinai
188 3428 284 3496 OHP,
309 3445 356 3484 em.
376 3429 435 3484 edd.
454 3443 488 3483 ecc
506 3427 573 3483 Idu.
588 3431 685 3495 23,21
710 3430 714 3498 Ι
744 3444 828 3497 quam
848 3428 923 3484 cuP
949 3447 1031 3498 quem

79 3514 136 3566 qua
