2468 3832
506 101 720 179 sandrario,
1072 82 1124 179 vn

107 289 268 370 p.137‚22
292 287 533 373 praedictum
696 287 910 380 perdictam
938 284 992 351 Η1
1037 309 1122 371 per-

748 375 893 440 diccam
917 375 986 440 GP

54 465 60 473 ’
173 465 261 542 Quae
286 487 358 530 cum
377 465 425 529 ita
444 465 519 548 sint,
541 486 582 529 ne
594 464 652 555 his
673 465 802 550 quidem
822 465 911 543 locis,
934 465 991 528 uhi
1009 464 1030 528 b
1049 486 1121 529 cum

106 551 138 618 G
161 554 349 638 conspirare
372 554 476 618 uides:

105 664 137 725 p.
164 643 266 726 90,14
289 643 452 708 duillius
476 642 526 708 aa
695 642 868 707 duellius
892 639 984 706 H1P

21 796 25 811 ,
144 732 264 814 119,17
288 731 420 816 pedem
444 731 496 797 tat
694 731 809 815 pedes
828 731 882 796 Ηι
904 731 1126 816 peditemP

106 821 270 903 exemplar
298 821 415 904 prioris
444 820 571 906 generis
595 823 811 885 correctorem
836 820 1037 903 adhibuisse,
1066 820 1122 884 sed

105 929 182 972 casu
204 909 239 973 in
262 909 346 974 idem
370 909 523 974 incidisse
541 910 649 974 nescio
675 932 716 973 an
739 914 825 974 recte
850 911 1032 993 suspiceris.
1075 926 1079 932 ’

172 996 212 1061 In
234 999 331 1063 rebus
356 997 618 1089 orthographicis
641 998 662 1061 b
684 999 846 1081 permulta
869 1000 1021 1062 mutauit:
1044 1020 1121 1062 nam

104 1083 325 1168 incolomis,
367 1106 522 1170 urgere,
562 1087 627 1150 alia
665 1087 821 1171 correxit,
862 1085 1121 1170 praepositiones

91 1178 214 1259 ,autem
233 1195 335 1257 paene
355 1196 468 1239 omnes
487 1176 595 1239 uerbis
616 1174 832 1259 adsimulauit,
850 1178 887 1239 ut
906 1176 1121 1259 affirmare,
1188 1245 1191 1252 ,
1214 1193 1216 1198 ’

37 1288 39 1292 >
105 1263 264 1346 acgredi
293 1264 346 1327 uel
374 1263 549 1348 aggredi,
578 1263 789 1348 applicare,
819 1263 986 1347 assidue,
1007 1285 1120 1328 com-

102 1351 264 1435 pellere,
288 1352 498 1437 collocare,
520 1353 732 1417 immittere
754 1373 840 1416 nunc
863 1353 999 1438 legatur.
1044 1398 1048 1405 -

51 1448 53 1454 '
170 1439 403 1524 Exemplorum
422 1442 551 1506 litterae
564 1442 714 1512 initiales
729 1441 874 1518 alternae
890 1444 1072 1506 atramento
1089 1445 1120 1505 et

102 1529 201 1594 rubro
225 1529 334 1594 colore
359 1534 508 1594 exaratae
529 1533 620 1595 sunt:
644 1530 801 1615 quasdam
825 1551 902 1595 uero
927 1553 999 1595 cum
1023 1531 1120 1594 libra-

102 1616 169 1682 rius
189 1618 298 1683 colore
316 1619 451 1702 pingere
471 1620 644 1702 omisisset,
664 1623 825 1684 corrector
844 1619 1016 1704 suppleuit,
1031 1621 1121 1683 uelut

102 1727 133 1788 p.
147 1707 201 1791 41,
216 1707 245 1771 3.
263 1705 312 1772 15.
329 1708 380 1772 18.
403 1708 455 1790 42,
472 1707 522 1771 12.
537 1709 589 1771 21.
612 1708 665 1790 43,
681 1709 709 1772 2.
725 1708 754 1771 9.
769 1709 825 1792 203
850 1706 934 1790 quod
958 1729 1031 1771 cum
1053 1729 1119 1771 non

101 1795 213 1878 magni
242 1795 400 1859 momenti
427 1794 606 1878 uideretur,
634 1797 668 1859 in
693 1795 902 1860 adnotatione
927 1817 1120 1860 commemo·

101 1904 173 1946 rare
190 1885 299 1967 nolui,
323 1905 360 1947 eo
384 1887 492 1947 tamen
512 1883 608 1947 modo
627 1883 697 1948 fieri
715 1884 832 1967 potuit,
851 1887 888 1947 ut
906 1883 1119 1968 praenomina

102 1972 304 2053 quorundam
324 1970 440 2036 ducum
459 1973 493 2035 in
512 1970 575 2036 hoc
595 1973 706 2050 codice,
723 1972 942 2055 mitterentur,
962 1971 1001 2037 cf.
1020 1995 1051 2056 p.
1066 1974 1118 2056 41,

105 2060 155 2123 18.
182 2061 253 2144 140,
268 2061 320 2125 26.

170 2145 275 2213 Simili
297 2148 437 2214 fortasse
457 2150 587 2215 ratione
611 2172 649 2214 ea
671 2151 894 2234 praenomina,
923 2172 1004 2234 quae
1030 2151 1117 2215 solus

102 2235 280 2303 Frontinus
301 2260 320 2303 a
340 2244 520 2303 ceterorum
539 2239 735 2322 scriptorum
754 2241 911 2304 memoria
929 2238 1117 2323 discrepans

102 2326 296 2408 quibusdam
324 2328 459 2393 ducibus
484 2329 566 2392 indit
589 2327 643 2412 (cf.
666 2351 697 2411 p.
715 2329 764 2406 14,
783 2330 832 2394 17.
857 2330 974 2412 tant.
999 2330 1050 2412 82,
1067 2331 1117 2394 11.

102 2413 238 2502 98,18),
261 2417 470 2481 librariorum
493 2417 617 2481 incuria
640 2417 706 2480 iam
729 2417 763 2481 in
787 2417 929 2502 antiquis
954 2417 1116 2502 exempla-

101 2504 190 2569 ribus
215 2508 343 2569 mutata
366 2511 451 2569 sunt.

168 2591 275 2656 Huius
303 2592 420 2656 codicis
448 2592 603 2655 lectiones
631 2597 665 2656 et
691 2594 835 2676 integras
864 2597 897 2656 et
925 2595 1116 2659 correctoris

101 2680 228 2745 calamo
252 2684 428 2763 temptatas
448 2701 532 2763 quae
552 2679 661 2764 aliquo
685 2681 781 2745 modo
801 2683 1027 2746 memorabiles
1048 2705 1116 2747 esse

101 2768 294 2834 uidebantur
312 2770 433 2852 protuli
453 2789 573 2853 omnes,
597 2768 688 2833 enixe
708 2791 837 2848 curans,
861 2792 901 2834 ne
921 2772 1007 2855 quod
1026 2772 1115 2836 testi-

101 2857 245 2923 monium
269 2858 412 2923 melioris
436 2857 548 2922 classis
572 2857 786 2924 omitteretur.

168 2950 188 3028 ξ
208 2948 237 3012 3.
262 2946 456 3012 (1ποοᾶοκ
480 2945 649 3011 Gothanus
674 2947 891 3012 bibliothecae
914 2948 1036 3013 ducalis
1060 2970 1115 3011 nu-

101 3057 190 3100 mero
209 3036 234 3100 I.
261 3037 321 3101 101
348 3037 505 3121 signatus·
523 3035 611 3099 foliis
635 3039 765 3100 constat
787 3035 829 3099 49
854 3033 889 3121 (i.
909 3059 934 3101 e.
953 3035 1115 3116 48-1-101.

25 3183 27 3187 .
104 3121 176 3211 151)
190 3125 443 3191 membranaceis
459 3122 787 3210 (300m.><210m.),
803 3146 939 3208 quorum
958 3125 993 3187 in
1006 3125 1113 3210 singu·
1141 3135 1145 3163 ³

100 3213 141 3277 lis
170 3214 300 3298 paginis
327 3236 441 3279 uersus
472 3212 608 3296 triginta
636 3218 773 3278 exstant.
815 3211 932 3277 Insunt
958 3212 1014 3277 fol.
1035 3215 1115 3277 1¹—-

101 3302 138 3366 8¹²
162 3303 360 3367 breuiarium
383 3302 486 3383 Festi,
516 3301 571 3366 fol.
590 3302 724 3367 91--39τ
747 3302 944 3366 breuiarium
966 3301 1114 3386 Eutropi,

100 3388 155 3454 fol.
176 3393 335 3457 391-4811
359 3394 508 3474 excerpta
529 3412 565 3454 ex
588 3391 681 3455 libris
700 3390 860 3456 Frontini.
894 3388 1040 3475 Scriptus
1065 3397 1116 3454 est

100 3476 184 3544 liber
208 3482 337 3546 saeculo
356 3479 404 3545 IX
427 3480 552 3545 duabus
572 3479 742 3565 manibus,
762 3501 914 3564 auarum
926 3479 1044 3538 *rhum
1059 3489 1144 3544 W·
