2468 3832
137 140 181 204 36
343 137 417 194 IULI
434 136 611 193 FRONTINI
630 135 951 192 STRATEGEMATON

205 302 234 368 5.
266 299 511 385 Epaminondas
539 298 714 363 Thebanus
748 298 949 364 contristatis
982 302 1153 387 militibus,

138 391 224 477 quod
248 412 286 455 ex
308 390 406 455 hasta
429 389 498 454 eius
522 391 748 453 ornamentum
775 387 896 453 infulae
922 410 1011 454 more
1035 390 1153 476 depen-

138 482 217 545 dens
253 482 371 544 uentus
409 477 556 542 ablatum
591 476 627 541 in
663 475 871 560 sepulchrum
902 477 1153 546 Lacedaemonii

138 569 303 634 cuiusdam
323 567 504 652 depulerat,
524 565 658 648 ‘nolite',
676 566 795 649 inquit,
815 564 958 651 ‘milites
976 568 1152 655 trepidare3

102 657 403 722 chacedaemoniis
432 654 637 739 significatur
664 655 830 719 interitus:
863 656 1035 740 sepulchra
1065 659 1152 724 enim

137 746 305 812 frmeribus
329 741 507 810 ornantur'.

204 836 234 899 6.
262 835 367 917 Idem,
390 855 463 898 cum
486 831 542 896 fax
565 830 604 896 de
628 832 718 897 eaelo
742 834 838 896 nocte
862 831 996 916 delapsa
1019 856 1073 899 eos
1098 835 1153 918 qui

139 922 438 988 animaduerterunt
459 921 642 1005 terruisset,
665 918 818 1003 ‘lumen',
844 920 965 1005 inquit,
994 921 1071 987 ‘hoc
1094 945 1152 986 nu-

137 1012 226 1076 mina
250 1008 451 1076 ostendunt'.

86 1117 118 1166 10
206 1101 234 1164 ἵ.
263 1098 365 1181 Idem,
388 1098 532 1162 instante
556 1096 712 1162 aduersus
736 1095 1010 1163 Lacedaemonios
1033 1119 1153 1183 pugna,

139 1211 213 1254 cum
236 1188 337 1252 sedile
363 1188 397 1251 in
421 1208 485 1272 quo
508 1184 672 1251 resederat
695 1185 918 1251 succubuisset
942 1190 976 1252 et
997 1187 1031 1251 id
1054 1190 1152 1272 uulgo

138 1299 197 1363 pro
229 1277 319 1342 tristi
347 1276 577 1361 [exciperetur]
608 1273 846 1360 significatione
876 1274 1004 1340 confusi
1031 1277 1152 1341 milites

138 1367 445 1451 interpretarentur,
468 1361 603 1446 ‘immo'',
624 1363 743 1448 inquit,
767 1363 928 1429 ‘uetamur
950 1363 1082 1429 sedere’.

207 1456 236 1521 8.
260 1453 294 1519 O.
312 1453 473 1538 Sulpicius
494 1451 606 1517 Gallus
630 1451 791 1518 defectum
813 1453 909 1517 lunae
932 1452 1153 1532 inminentem,

88 1558 120 1607 15
139 1564 180 1607 ne
203 1564 263 1626 pro
288 1544 417 1607 ostento
442 1539 626 1624 exciperent
647 1541 783 1625 milites,
809 1541 972 1625 praedixit
998 1540 1154 1625 futurum,

141 1631 259 1696 additis
284 1630 465 1696 rationibus
489 1630 658 1714 causisque
682 1628 881 1695 defectionis.

206 1720 237 1785 9.
260 1717 461 1803 Agathocles
481 1715 703 1802 Syracusanus
723 1718 879 1783 aduersus
898 1718 1034 1800 Poenos,
1053 1718 1153 1783 simili

140 1808 284 1874 eiusdem
307 1808 422 1874 sideris
447 1807 666 1873 deminutione
690 1807 766 1891 quia
789 1807 849 1873 sub
869 1805 953 1871 diem
972 1827 1098 1892 pugnae
1117 1810 1154 1870 ut

137 1898 290 1982 prodigio
314 1898 435 1963 milites
460 1897 511 1962 sui
533 1897 734 1962 consternati
758 1900 864 1980 erant,
886 1895 1013 1961 ratione
1035 1917 1098 1979 qua
1121 1896 1154 1959 id

86 2003 120 2052 2ο
139 1987 299 2052 accideret
313 1986 462 2070 exposita
476 1986 594 2064 docuit
613 1985 768 2070 quidquid
786 1986 868 2051 illud
882 1985 977 2067 foret,
991 1984 1154 2050 adrerum

139 2079 304 2158 naturam,
326 2096 394 2140 non
417 2074 458 2138 ad
479 2074 626 2159 ipsorum
648 2074 855 2158 propositum
877 2075 1048 2159 pertinere.

209 2163 259 2227 10.
281 2161 433 2242 Pericles,
456 2183 529 2228 cum
552 2163 587 2227 in
610 2167 718 2228 castra
741 2163 808 2228 eius
831 2163 954 2228 fulmen
981 2163 1155 2229 decidisset

139 2250 372 2336 terruissetque
400 2251 537 2334 milites,
566 2251 725 2317 aduocata
751 2252 901 2318 contione
928 2251 1091 2335 lapidibus
1120 2251 1154 2314 in

140 2343 315 2424 conspectu
342 2341 487 2406 omnium
509 2339 642 2406 conlisis
666 2341 777 2426 ignem
799 2340 941 2405 excussit
964 2339 1153 2423 sedauitque

85 2444 121 2494 25
139 2429 431 2513 conturbationem,
449 2450 522 2494 cum
539 2428 702 2494 docuisset
716 2429 866 2495 similiter
879 2428 1014 2493 nubium
1028 2427 1153 2493 adtritu

140 2519 245 2583 excuti
267 2517 400 2583 fulmen.

210 2609 259 2672 11.
296 2606 484 2672 Timotheus
516 2606 730 2672 Atheniensis
768 2605 923 2671 aduersus
955 2604 1152 2689 Corcyraeos

215 2803 229 2851 1
254 2797 462 2866 Epimanondas
486 2796 546 2853 GH
571 2799 576 2866 Ι
604 2797 761 2852 theobanus
783 2797 827 2851 H¹
852 2800 857 2865 Ι
886 2802 903 2851 2
926 2797 1080 2866 inpendens
1101 2796 1125 2853 G
1147 2796 1150 2867 Ι

142 2874 160 2922 4
178 2868 319 2923 detulerat
338 2868 408 2923 Oua
426 2872 430 2938 Ι
450 2873 467 2922 5
484 2868 602 2924 interius
620 2867 666 2922 H¹
685 2871 690 2936 Ι
715 2873 730 2921 6
749 2866 911 2922 muneribus
928 2867 1002 2923 Bab.
1025 2867 1055 2921 in
1073 2867 1153 2922 fune-

141 2939 219 2994 ribus
238 2939 267 2994 Β.
279 2938 312 2993 G.
322 2938 366 2994 De
381 2939 458 2995 Vries
474 2943 479 3006 Ι
495 2944 510 2992 ‘l
531 2938 887 3008 quiarronaduerteruntH¹
906 2937 955 3007 qui
971 2937 1153 2994 &uenerunt

140 3010 187 3082 ΡΙ
213 3016 246 3065 11
267 3007 385 3080 sedifssle
402 3011 487 3076 (dacae
505 3010 556 3065 liu.
575 3011 681 3077 casce)
695 3009 748 3078 ΗΙ
769 3015 802 3065 12
822 3009 996 3078 exciperetur
1013 3009 1065 3064 det.
1079 3009 1154 3064 edd:

141 3083 176 3148 ef.
193 3081 282 3150 praet
301 3079 372 3151 §13
397 3082 402 3149 Ι
426 3078 660 3150 significationem
679 3079 712 3134 Η
729 3085 793 3136 onte
809 3097 865 3137 ras.
884 3086 910 3136 et
924 3080 953 3134 P
975 3083 980 3149 ι
1004 3094 1055 3149 pro
1078 3079 1154 3135 tristi

141 3153 316 3234 exciperetur
339 3151 554 3222 significatione,
580 3151 671 3207 etsie
695 3149 841 3207 confusia
888 3166 919 3206 ro
938 3151 959 3206 t.
980 3150 1154 3222 exciperetur

141 3220 723 3364 lltfisstllllrttetltiitt'tlltt‘l·
738 3221 971 3362 'ettae-rt
982 3222 1154 3348 tetes

141 3363 198 3418 cles
207 3364 242 3418 Η
244 3365 273 3419 Ρ
286 3367 291 3434 t
308 3311 413 3435 18pqua
425 3364 493 3432 bPl
509 3369 545 3420 20
559 3337 705 3421 accederet
714 3362 784 3432 ΗΡ,
802 3380 871 3421 corr.
885 3365 944 3420 cdd.
963 3311 1100 3419 acciderit
1113 3364 1133 3418 d
1147 3360 1154 3436 Ι

141 3440 176 3488 23
194 3434 394 3506 terruissetque
414 3439 431 3506 (
446 3453 481 3491 ue
498 3441 646 3507 macer.)
659 3436 711 3503 ΗΙ
732 3440 769 3490 24
787 3437 967 3505 conspectum
985 3434 1032 3502 ΡΙ
1052 3438 1087 3489 26
1106 3434 1155 3489 ad·

140 3504 224 3561 tritus
237 3506 273 3560 H
287 3511 352 3561 acte
363 3455 445 3577 roal
467 3511 502 3562 27
521 3522 664 3576 cercyrecs
678 3506 714 3561 H
728 3505 864 3562 aercireos
881 3505 915 3572 P,
933 3520 1003 3562 corr.
1022 3505 1082 3562 edd.
