2468 3832
158 125 201 189 66
361 124 436 179 mm
454 124 631 199 recursu
650 122 971 180 srarrnenurrou

155 309 258 372 usque
278 287 514 371 admitteretur,
532 287 708 372 fatigatum
726 288 895 353 nocturnis
914 287 1171 372 cogitationibus

154 377 213 442 illo
236 379 382 460 tempore
406 377 623 460 quiescentem
646 377 782 442 inuenit.
828 398 900 441 cum
929 376 1058 459 deinde,
1086 380 1169 441 tam·

155 488 253 550 quam
290 465 498 530 nuntiaturus
536 466 679 530 subitum
716 465 839 550 aliquid
875 487 913 530 ac
944 465 1173 548 necessarium,

153 557 277 619 intrare
295 554 395 620 uellet
415 558 447 618 et
465 554 675 638 pertinaciter
694 577 713 618 a
728 554 829 618 seruis
848 552 1030 618 ualetudini
1047 553 1171 618 domini

118 660 135 711 5
155 643 399 709 consulentibus
419 641 654 722 excluderetur,
673 643 810 725 ueritus,
828 664 869 706 ne
888 647 1056 726 suspectus
1076 647 1172 725 esset,

154 732 245 817 equis
275 754 356 816 quos
385 735 460 796 ante
488 734 616 813 portam
645 736 778 814 paratos
806 730 950 811 habebat
977 731 1018 795 ad
1042 730 1170 796 Mithri-

152 821 250 885 daten
273 810 402 903 refugit
417 820 547 884 inritus.

220 909 272 973 31.
305 906 468 974 Sertorius
496 909 531 973 in
560 907 737 993 Hispania,
769 929 842 973 cum
873 908 959 992 apud
987 908 1171 974 Lauronem

153 996 307 1080 oppidum
331 996 440 1062 uicina
458 1000 568 1063 castra
585 995 720 1082 Pompei
740 997 854 1062 castris
878 997 1014 1062 haberet
1036 1001 1069 1062 et
1090 997 1171 1062 duae

100 1104 135 1154 10
152 1086 380 1151 tantummodo
403 1086 553 1172 regiones
577 1089 698 1165 essent,
721 1087 900 1170 exquibus
923 1087 1079 1169 pabulum
1103 1086 1171 1170 peti

152 1178 277 1259 posset,
309 1196 376 1239 una
405 1174 439 1239 in
467 1174 664 1260 propinquo,
697 1175 799 1239 altera
826 1175 958 1258 longius
988 1175 1065 1259 sita,
1098 1197 1170 1239 eam

153 1285 236 1348 quae
263 1264 297 1328 in
325 1264 508 1348 propinquo
538 1266 608 1328 erat
635 1262 770 1328 subinde
794 1285 813 1326 a
836 1263 902 1328 leui
931 1268 1096 1328 armatura
1123 1263 1171 1327 in·

151 1352 280 1437 festari,
303 1352 491 1418 ulteriorem
516 1355 625 1416 autem
648 1353 754 1416 uetuit
777 1352 818 1415 ab
842 1353 910 1417 ullo
931 1355 1058 1417 armato
1079 1351 1171 1430 adiri,

152 1441 255 1506 donec
282 1442 445 1524 persuasit
473 1440 682 1524 aduersariis,
708 1440 863 1504 tutiorem
892 1462 961 1506 esse
990 1461 1072 1525 quae
1101 1446 1171 1506 erat

101 1547 134 1595 15
153 1529 319 1595 remotior.
353 1551 452 1613 quam
480 1551 552 1593 cum
579 1529 741 1612 petissent
764 1528 969 1612 Pompeiani,
998 1529 1170 1594 Octauium

154 1616 362 1682 Graecinium
381 1638 453 1682 cum
473 1618 582 1683 decem
601 1617 790 1683 cohortibus
814 1618 848 1681 in
866 1639 990 1683 morem
1008 1616 1171 1682 Romano-

152 1729 225 1771 rum
254 1706 389 1771 armatis
418 1709 450 1771 et
477 1706 587 1771 decem
618 1704 843 1790 Hispanorum
874 1706 956 1770 leuis
986 1710 1171 1771 armaturae

153 1798 187 1860 et
209 1795 416 1880 Tarquitium
439 1794 585 1860 Priscum
614 1817 688 1860 cum
715 1795 840 1860 duobus
868 1795 1000 1860 milibus
1025 1793 1171 1878 equitum

153 1885 201 1949 ire
238 1885 330 1949 iubet
363 1885 404 1948 ad
437 1884 572 1949 insidias
605 1883 784 1948 tendendae
817 1883 1074 1967 pabulatoribus.
1121 1883 1171 1948 illi

100 1991 135 2042 20
155 1978 285 2038 strenue
321 1974 481 2057 imperata
517 1972 648 2037 faciunt.
695 1971 866 2057 explorata
902 1973 989 2036 enim
1025 1974 1170 2037 locorum

154 2066 285 2143 natura,
308 2063 342 2126 in
360 2062 468 2126 uicina
488 2061 572 2126 silua
590 2065 685 2126 nocte
704 2059 886 2146 praedictas
905 2062 1017 2146 copias
1037 2063 1171 2127 abscon-

155 2150 236 2214 dunt
253 2151 310 2233 ita,
327 2154 364 2215 ut
382 2150 418 2213 in
436 2150 542 2233 prima
560 2153 654 2233 parte
671 2150 761 2215 leues
780 2147 964 2234 Hispanos,
983 2150 1169 2233 aptissimos

155 2237 196 2302 ad
220 2238 307 2302 furta
329 2238 502 2321 bellorum,
529 2242 701 2323 ponerent,
727 2239 826 2322 paulo
855 2237 991 2302 interius
1017 2242 1171 2320 scutatos,

154 2326 189 2390 in
221 2327 441 2391 remotissimo
475 2329 614 2411 equites,
645 2349 687 2391 ne
719 2326 850 2391 fremitu
882 2346 993 2390 eorum
1026 2326 1172 2409 cogitata

101 2430 136 2480 25
155 2414 381 2498 proderentur:
412 2416 577 2498 quiescere
605 2437 716 2482 omnes
744 2413 875 2480 silentio
904 2417 1034 2478 seruato
1056 2414 1090 2477 in
1113 2412 1170 2477 ho·

155 2525 225 2568 ram
246 2504 377 2569 tertiam
396 2503 460 2568 diei
479 2504 601 2569 iubent.
633 2527 706 2571 cum
725 2502 840 2568 deinde
856 2500 1047 2587 Pompeiani
1067 2501 1171 2566 securi

228 2719 241 2765 1
262 2714 477 2769 admitterentur
495 2713 547 2783 ΗΙ
564 2712 784 2783 cogitationibus
803 2715 822 2768 d
840 2711 1031 2782 cogitantibus
1045 2712 1081 2766 H
1095 2712 1171 2782 cogi-

155 2784 262 2838 tatibus
281 2786 309 2838 P
330 2787 334 2852 Ι
360 2791 375 2838 2
395 2785 571 2853 quiescentes]
595 2784 654 2851 (sed
672 2801 685 2837 s
703 2801 763 2852 exp.
782 2785 812 2850 b)
832 2783 867 2837 H
886 2782 1061 2850 quiescentes
1079 2783 1107 2836 P
1129 2786 1133 2844 l
1154 2789 1172 2836 4

155 2853 321 2909 ualitudinis
340 2856 374 2909 H
395 2859 399 2924 1
423 2862 439 2911 6
458 2857 574 2926 paratus
592 2855 628 2909 H
649 2856 653 2922 Ι
678 2853 842 2908 mitridaten
862 2854 895 2907 Η
910 2853 1105 2908 mithridatem
1119 2853 1148 2908 P
1166 2854 1169 2923 l

155 2931 171 2980 9
191 2924 314 2995 pompeii
330 2927 347 2979 h
364 2930 368 2994 Ι
386 2925 629 2996 1111111111Η1
645 2927 649 2993 1
665 2923 747 2979 iussit
765 2930 829 2979 aute
851 2923 979 2979 infestari
998 2926 1097 2980 addere
1116 2940 1172 2978 acu

155 3013 240 3052 ausus
252 3013 321 3063 sam,
339 2999 466 3066 quamuis
479 2998 552 3052 dara
565 2998 602 3052 sit
616 2997 719 3066 ellipsis
735 2999 739 3060 Ι
757 3000 789 3048 13
809 2997 954 3049 armatura
967 2995 1002 3049 H
1012 3001 1075 3051 cute
1093 3011 1148 3050 ras.
1166 2995 1169 3065 l

156 3073 189 3122 15
213 3068 361 3138 petiissent
383 3070 402 3123 d
427 3069 432 3138 Ι
466 3073 499 3121 16
523 3067 696 3138 graeoinium
714 3066 783 3120 ΗΡ
817 3065 984 3121 Graecinum
1014 3066 1083 3122 Oad.
1112 3067 1171 3121 coll.

155 3139 233 3193 Pzat.
253 3138 322 3194 Sert.
342 3144 381 3195 26
397 3139 402 3206 Ι
417 3153 596 3195 remanorum
611 3138 653 3192 H¹
670 3141 674 3205 Ι
692 3144 723 3192 17
744 3155 762 3192 a
779 3136 850 3192 leuis
865 3137 900 3192 H
919 3139 923 3206 Ι
946 3141 979 3191 18
998 3136 1172 3205 tarquinium

155 3210 190 3264 H
194 3210 228 3276 P,
248 3226 315 3265 corr.
339 3209 408 3265 Oad.
429 3227 462 3264 ex
480 3202 549 3264 Sall.
569 3211 632 3265 bist.
651 3213 678 3276 3,
695 3213 713 3263 4
731 3208 769 3263 D.
795 3209 799 3278 Ι
825 3225 887 3263 cum
905 3223 956 3262 cm.
975 3207 1010 3261 H
1031 3211 1035 3274 l
1066 3212 1098 3260 19
1117 3207 1171 3278 ire]

154 3281 233 3336 iurae
252 3282 302 3348 Hl
324 3281 452 3336 13111111
471 3276 1173 3349 (sedrttinras.triamlitt.)H124inremo-

155 3351 280 3406 tissimos
298 3353 343 3407 ael
360 3352 426 3406 inde
447 3349 651 3410 remotissimos
669 3353 689 3406 d
713 3353 718 3418 Ι
748 3367 842 3406 eorum
860 3349 925 3416 ltP,
949 3364 1000 3403 cm.
1019 3348 1063 3400 H¹
1088 3363 1172 3415 equo-

155 3440 217 3476 rum
236 3423 255 3476 d
271 3427 274 3491 Ι
291 3429 325 3477 26
344 3422 423 3478 iubet
440 3423 510 3491 ΗΡ,
528 3423 650 3493 1111111
667 3421 757 3477 securi
776 3419 940 3487 oneratique
959 3421 978 3474 d
996 3419 1172 3487 sermatique

154 3493 191 3548 H
206 3493 296 3549 securi
315 3494 462 3564 curatique
475 3493 503 3548 P
520 3512 540 3548 1.
559 3492 727 3564 grauatique
748 3489 833 3548 droa.
852 3509 872 3546 s.
892 3490 1056 3561 curuatique
1077 3489 1147 3545 Oud.
