2468 3832
130 103 172 166 62
334 101 408 157 IULI
427 101 605 158 FRONTINI
624 101 949 158 STRATEGEMATON

128 266 163 331 in
191 266 359 330 montibus
388 287 423 353 se
451 266 691 346 continuerant,
721 264 756 328 in
786 265 885 348 plana
913 265 1145 330 descenderunt

129 359 171 438 et,
190 355 266 418 dum
281 354 416 419 castella
429 357 601 437 temptant,
616 354 657 417 ab
673 354 819 438 equitatu
834 353 1044 419 circumuenti
1058 359 1144 418 sunt.

197 444 248 508 19.
271 443 439 527 Harrybas
458 464 515 506 rex
532 441 761 526 Molossorum,
779 442 866 507 bello
885 441 1006 526 petitus
1026 465 1045 506 a
1064 441 1143 506 Bar·
1224 527 1226 530 Α

129 532 195 615 dyli
227 532 355 616 Illyrio,
392 531 549 596 maiorem
581 530 749 616 aliquanto
782 530 960 596 exereitum
994 531 1144 614 habente,

9 637 14 650 '
93 642 109 690 5
129 620 328 703 <a>molitus
347 621 482 684 inbelles
502 641 634 685 suorum
653 619 688 683 in
706 619 847 684 uicinam
863 620 1029 704 regionem
1045 620 1144 685 Aeto-

128 709 192 773 liae
215 709 337 773 famam
362 710 496 792 sparsit,
518 711 685 792 tamquam
708 709 805 772 urbes
825 729 863 771 ac
881 729 933 773 res
953 730 1028 772 suas
1047 711 1144 773 Aeto·

130 797 171 862 lis
191 798 394 862 concederet:
418 799 487 881 ipse
511 819 583 863 eum
607 797 672 880 his,
695 797 750 881 qui
769 818 861 861 arma
878 796 962 860 ferre
980 800 1151 880 poterant,

128 886 264 951 insidias
296 887 331 950 in
362 886 528 951 montibus
561 889 594 950 et
624 886 705 951 loeis
733 884 935 968 confragosis
968 885 1143 950 distribuit.

128 975 234 1058 Illyrii
253 975 420 1059 timentes,
443 996 484 1039 ne
504 996 586 1058 quae
604 973 824 1040 Molossorum
843 976 935 1038 erant
953 973 995 1038 ab
1013 973 1142 1038 Aetolis

76 1085 108 1132 10
129 1067 375 1146 occuparentur,
403 1066 493 1129 uelut
520 1063 561 1127 ad
588 1063 741 1148 praedam
767 1062 960 1128 festinantes
983 1062 1142 1148 neglectis

128 1151 296 1216 ordinibus
321 1152 502 1218 adcelerare
525 1156 714 1235 coeperunt:
742 1175 822 1239 qnos
847 1151 1033 1236 dissipatos,
1060 1150 1143 1214 nihil

128 1241 194 1305 tale
213 1246 449 1325 exspectantes,
462 1241 630 1324 Harrybas
645 1263 682 1305 ex
701 1241 829 1306 insidiis
843 1241 929 1306 fudit
942 1239 1143 1326 fugauitque.

195 1331 246 1394 20.
271 1330 307 1393 Τ.
321 1329 483 1394 Labienus
499 1325 533 1392 Ο.
548 1325 696 1392 Caesaris
714 1329 843 1414 legatus
858 1329 1013 1394 aduersus
1028 1326 1142 1393 Gallos

128 1423 203 1481 ante
222 1417 399 1481 aduentum
413 1415 657 1497 Germanorum,
676 1436 756 1498 quos
776 1417 898 1480 auxilio
917 1416 969 1481 his
988 1421 1143 1482 uenturos

76 1526 108 1574 15
129 1506 264 1584 sciebat,
288 1503 461 1588 confligere
484 1503 614 1586 cupiens
633 1501 846 1567 diffidentiam
867 1503 1034 1569 simulauit
1057 1505 1143 1588 posi·

127 1593 234 1674 tisque
258 1593 293 1655 in
316 1590 446 1657 diuersa
472 1591 545 1675 ripa
573 1589 690 1656 castris
716 1589 951 1675 profectionem
979 1591 1079 1656 edixit
1106 1595 1141 1657 in

126 1683 295 1762 posterum
323 1680 415 1747 diem.
461 1679 548 1745 Galli
575 1679 742 1745 credentes
770 1700 843 1744 eum
870 1678 984 1762 fugere
1011 1679 1141 1764 flumen,

127 1767 212 1852 quod
231 1769 373 1833 medium
394 1774 473 1851 erat,
492 1769 704 1835 instituerunt
720 1767 957 1833 transmittere:
980 1767 1141 1833 Labienus

127 1857 324 1922 circumacto
349 1861 490 1924 exercitu
513 1859 601 1923 inter
622 1859 710 1942 ipsas
735 1856 907 1941 superandi
930 1857 1036 1922 amnis
1059 1857 1140 1921 diffi-

74 1966 107 2014 20
126 1945 266 2011 cultates
291 1968 346 2011 eos
370 1947 493 2012 cecidit.

194 2036 245 2099 21.
273 2033 455 2116 Hannibal,
478 2057 551 2100 cum
575 2036 776 2119 explorasset
799 2036 1011 2120 neglegenter
1034 2039 1141 2100 castra

125 2121 220 2188 Fului
248 2123 388 2188 Romani
416 2123 505 2188 ducis
538 2125 676 2202 munita,
707 2124 813 2208 ipsum
844 2129 1010 2208 praeterea
1037 2124 1142 2187 multa

125 2218 245 2276 temere
279 2211 409 2293 audere,
446 2213 551 2295 prima
582 2212 666 2297 luce,
698 2234 772 2277 cum
805 2211 969 2277 densiores
1001 2212 1141 2276 nebulae

125 2304 331 2385 praestarent
355 2300 600 2382 obscuritatem,
629 2322 750 2383 paucos
774 2302 897 2385 equites
920 2299 1139 2364 munitionum

72 2406 106 2456 aa
125 2392 311 2454 nostrarum
347 2389 503 2474 uigilibus
541 2389 697 2453 ostendit:
735 2411 799 2474 quo
834 2388 970 2454 Fuluius
1006 2391 1139 2471 repente

126 2478 229 2543 mouit
243 2479 426 2543 exercitum.
457 2476 625 2543 Hannibal
639 2500 697 2564 per
712 2477 872 2543 diuersam
891 2481 1018 2562 partem
1033 2480 1140 2542 castra

124 2567 193 2632 eius
208 2567 379 2653 occupauit
394 2571 426 2632 et
439 2567 498 2632 illa
511 2566 545 2631 in
559 2571 687 2652 tergum
697 2566 920 2632 Romanorum
931 2566 1050 2631 effusus
1065 2569 1139 2631 octo

124 2656 215 2719 milia
236 2656 488 2729 fortissimorum
512 2657 654 2720 militum
675 2656 840 2739 cumipse
858 2655 937 2721 duce
955 2654 1140 2721 trucidauit.

196 2783 210 2830 1
222 2775 400 2831 discederunt
406 2777 442 2831 H
443 2777 451 2807 ¹
467 2781 471 2848 Ι
488 2776 649 2831 3Harridas
658 2775 749 2830 OHP
759 2774 891 2832 Aridusd
904 2777 1137 2846 Arrybaslaatio.

124 2851 149 2913 7,
160 2852 187 2913 6,
198 2852 241 2901 11.
260 2852 288 2913 8,
298 2852 325 2912 6,
334 2852 359 2901 4.
371 2853 395 2903 7.
419 2847 547 2917 Arybbas
568 2847 648 2918 Troy.
659 2849 732 2916 prol.
747 2851 766 2902 8
784 2847 895 2902 Ambae
911 2847 986 2902 Oros.
1001 2851 1115 2914 3,12,8
1131 2845 1135 2915 Ι

123 2919 293 2973 molosorum
312 2918 348 2972 H
368 2920 373 2986 Ι
395 2917 502 2987 potitus
521 2918 596 2986 ΗΡ,
618 2934 687 2973 corr.
706 2919 725 2972 d
750 2922 754 2983 Ι
780 2933 797 2970 a
814 2917 947 2986 Bardylie
964 2915 1049 2986 (dyli
1066 2932 1137 2970 corr.

122 2991 206 3058 Ded.)
230 2989 269 3043 H.
289 2989 416 3044 Valesius
438 2990 497 3044 coll.
517 2988 602 3046 Diod.
621 2993 704 3055 16,4
736 2987 868 3044 abardiae
887 2989 923 3043 H
950 2987 1065 3042 abardie
1084 2986 1112 3039 P

122 3068 139 3114 4
158 3060 253 3131 ylliria
267 3060 302 3114 H
314 3064 318 3130 Ι
335 3058 486 3114 habentem
500 3059 534 3114 H
548 3062 553 3129 Ι
569 3065 585 3114 5
603 3060 719 3116 molitus
729 3060 764 3114 H
769 3059 803 3126 P,
821 3075 891 3115 corr.
905 3060 925 3115 d
940 3060 945 3127 Ι
960 3057 1094 3114 inbellem

123 3137 186 3187 cote
204 3149 272 3186 corr.
294 3133 298 3198 Ι
324 3135 339 3184 'l
359 3131 393 3186 iis
413 3131 462 3199 ΡΙ
486 3131 574 3186 ferme
592 3132 628 3185 H
644 3133 649 3200 Ι
674 3137 690 3185 t
708 3129 795 3200 yllirii
812 3130 865 3199 ΗΙ
887 3130 1059 3185 molosorum
1077 3127 1113 3182 H
1131 3128 1134 3195 Ι

124 3208 157 3257 10
176 3202 310 3258 neclectis
329 3202 381 3271 ΗΙ
398 3209 431 3256 12
450 3201 578 3258 hauribas
592 3202 628 3257 H
646 3201 775 3258 barridas
789 3202 834 3270 ΡΙ
851 3207 884 3256 13
904 3199 933 3255 0.
966 3199 1064 3255 consul
1078 3199 1113 3253 H
1131 3198 1135 3270 Ι

122 3274 225 3343 legatis
244 3273 279 3328 H
294 3279 358 3327 uate
376 3290 445 3329 corr.
462 3277 467 3341 Ι
485 3279 517 3328 16
537 3273 635 3329 eduxit
647 3273 700 3346 H}
716 3279 749 3329 17
768 3289 833 3328 eum
850 3289 903 3328 om.
979 3273 984 3340 Ι
1006 3275 1040 3325 18
1056 3269 1137 3325 insti·

122 3347 216 3399 tuerat
229 3344 264 3399 H
277 3348 280 3413 Ι
298 3350 332 3398 22
346 3343 431 3400 fuluii
443 3345 496 3400 tP
510 3348 514 3412 Ι
530 3350 565 3401 25
583 3345 730 3416 repentino
744 3343 897 3399 exercitum
911 3345 952 3408 (m
966 3359 1028 3411 cap.
1038 3343 1068 3411 b)
1081 3341 1116 3395 H
1129 3341 1134 3412 Ι

122 3421 156 3471 26
166 3415 307 3470 diuersam
316 3416 376 3472 edd.
396 3416 544 3472 aduersam
551 3416 616 3472 ΗΡ
631 3433 759 3472 auersam
766 3414 897 3470 Hamus:
909 3414 957 3468 ced
966 3413 1001 3481 cf.
1010 3413 1136 3483 Appioa.

122 3486 264 3542 Horam&
279 3488 284 3555 Ι
301 3491 335 3540 27
345 3487 437 3543 illeH
451 3487 560 3544 itaedd.
578 3488 583 3556 Ι
599 3487 869 3559 tergumagiaraa
879 3484 1141 3554 b)ramanorumH
