2468 3832
401 147 512 204 LIBER
529 147 578 204 ΙΙΙ.
607 147 684 204 cAP.
706 154 819 204 10-11.
1055 147 1120 214 105

170 313 200 376 9.
233 311 338 377 Barca
361 311 425 376 dux
448 311 632 376 Poenorum
654 310 689 375 in
712 308 824 376 Sicilia
846 310 1038 395 Lilybaeum
1061 333 1117 376 no·

104 400 180 466 stris
203 403 294 465 terra
321 399 467 484 marique
496 399 719 465 obsidentibus
750 404 879 484 partem
904 401 1016 465 elassis
1040 422 1117 465 suae

103 490 216 572 procul
249 493 408 554 armatam
441 488 537 552 iussit
564 489 705 554 ostendi:
739 488 779 553 ad
810 489 879 552 eius
911 493 1118 572 conspectum

103 599 176 643 cum
204 578 389 643 euolassent
416 576 539 659 nostri,
570 578 640 662 ipse
668 577 802 661 reliquis
830 599 910 661 quas
934 577 968 641 iu
992 579 1118 643 occulto

103 670 253 732 tenuerat
274 667 414 731 nauibus
437 666 587 756 Lilybaei
609 671 742 752 portum
766 666 946 750 occupauit.
1140 681 1156 731 o

295 858 343 914 XI.
372 858 419 912 DE
439 856 691 913 SIMULATIONE
709 856 929 913 REGRESSUS.

174 971 201 1032 1.
234 965 414 1033 Phormion
437 968 501 1032 dux
524 967 784 1052 Atheniensium,
807 989 879 1032 curn
904 966 1119 1051 depopulatus

104 1061 190 1121 esset
219 1077 316 1142 agros
345 1055 626 1139 Chalcidensium,
657 1055 773 1142 legatis
804 1077 916 1121 eorum
947 1055 985 1121 de
1017 1077 1055 1120 ea
1085 1077 1120 1120 re

103 1146 312 1228 querentibus
335 1145 476 1229 benigue
499 1143 668 1229 respondit
691 1147 725 1208 et
746 1147 859 1227 nocte,
884 1166 949 1228 qua
972 1144 1120 1209 dimissu-

103 1254 160 1297 rus
184 1233 259 1296 illos
283 1238 366 1317 erat,
397 1233 491 1297 fiuxit
513 1233 641 1298 litteras
665 1233 730 1297 sibi
753 1233 977 1317 superuenisse
1000 1233 1120 1296 ciuium
1141 1248 1174 1299 10

106 1343 248 1405 suorum,
270 1326 404 1406 propter
427 1344 508 1407 quas
531 1322 729 1386 redeundum
752 1322 898 1388 haberet.
926 1343 963 1386 ac
986 1321 1120 1405 paulum

103 1431 271 1494 regressus
300 1409 423 1474 dimisit
459 1412 603 1495 legatos:
634 1410 686 1476 his
715 1410 825 1475 omnia
851 1414 925 1475 tuta
953 1413 986 1474 et
1014 1409 1120 1475 abisse

103 1497 333 1564 Phormionem
361 1500 639 1578 renuntiantibus,
668 1496 897 1565 Chalcidenses
926 1520 983 1584 spe
1007 1502 1040 1563 et
1063 1499 1121 1563 ob·

103 1587 192 1652 latae
214 1587 429 1653 humanitatis
458 1591 491 1652 et
519 1588 650 1653 abducti
679 1589 838 1653 exercitus
869 1587 1006 1652 remissa
1029 1588 1119 1652 urbis

104 1677 259 1759 custodia,
268 1698 347 1741 ,eum
362 1676 533 1742 confestim
547 1675 723 1741 Phormion
737 1677 935 1755 reuertisset,
948 1676 1120 1761 prohibere
1140 1692 1173 1742 15

103 1765 361 1849 inexspectatum
384 1764 451 1828 uim
474 1787 540 1829 nou
563 1768 750 1848 potuerunt.

172 1855 201 1919 2.
233 1852 406 1937 Agesilaus
431 1851 495 1916 dux
517 1851 856 1935 Lacedaemoniorum,
879 1873 953 1916 cum
977 1850 1121 1916 Phocen-

106 1963 157 2006 ses
187 1941 350 2005 obsideret
377 1943 410 2004 et
441 1941 654 2006 intellexisset
677 1962 745 2024 eos,
777 1941 832 2024 qui
859 1944 937 2005 tunc
959 1939 1120 2023 praesidio

105 2029 172 2093 illis
196 2033 307 2110 eraut,
330 2029 396 2093 iam
419 2029 551 2113 grauari
573 2029 651 2095 belli
674 2029 891 2113 incommoda,
919 2030 1051 2114 paulum
1074 2050 1121 2093 re·

106 2138 235 2203 gressus
269 2120 437 2201 tamquam
474 2119 515 2183 ad
548 2118 630 2184 alios
659 2121 749 2184 actus
781 2117 918 2183 liberam
950 2117 1120 2183 recedendi
1139 2133 1174 2184 1ο

106 2205 306 2273 occasionem
329 2206 380 2271 his
409 2206 509 2272 dedit:
536 2229 602 2273 nou
630 2208 734 2274 mult-o
758 2211 833 2291 post
861 2207 964 2273 milite
986 2207 1119 2272 reducto

106 2295 279 2361 destitutos
303 2295 485 2361 Phocenses
510 2297 684 2380 superauit.

172 2385 203 2450 3.
235 2384 420 2449 Alcibiades
441 2385 596 2451 aduersus
611 2385 799 2470 Byzantios,
822 2385 931 2469 quise
951 2384 1120 2449 moenibus

105 2474 324 2556 continebant,
347 2474 481 2538 insidias
501 2474 661 2558 disposuit
680 2477 713 2538 et
731 2473 886 2539 simulato
905 2493 1055 2558 regressu
1072 2471 1119 2535 in-

106 2565 218 2626 cautos
241 2582 297 2625 eos
321 2562 492 2644 oppressit.
1139 2574 1173 2625 ab

172 2649 202 2713 4.
234 2647 415 2731 Viriathus,
438 2671 511 2715 cum
530 2648 630 2713 tridui
648 2651 711 2715 iter
729 2649 896 2714 discedens
920 2646 1120 2730 confecisset,

105 2736 191 2802 idem
213 2736 295 2801 illud
313 2759 379 2802 uuo
399 2737 450 2803 die
473 2759 640 2802 remensus
664 2760 793 2803 securos
809 2735 1063 2823 Segobrigenses
1088 2741 1121 2801 et

106 2826 264 2892 sacrificio
288 2848 361 2890 oum
384 2827 524 2892 maxime
548 2830 722 2910 occupatos
747 2828 918 2912 oppressit.

178 3025 192 3073 1
213 3021 323 3075 Barcha
340 3020 376 3075 H
392 3022 397 3089 1
423 3026 437 3075 7
457 3020 588 3075 Formion
606 3020 641 3074 H
644 3020 690 3092 Pl
712 3019 967 3075 8calchideneium
986 3018 1069 3088 HPl
1089 3034 1119 3074 re

106 3092 287 3160 querentibus
305 3091 325 3146 d
342 3106 372 3145 re
392 3091 591 3158 quaerentibus
609 3091 645 3144 H
659 3090 866 3160 requirentibus
884 3090 913 3144 P
926 3092 962 3158 19
983 3089 1119 3144 demissu-

106 3178 151 3217 ros
165 3161 217 3229 ΗΙ
242 3168 275 3217 11
290 3178 323 3217 ac
337 3179 385 3217 om.
397 3161 463 3230 H¹l
490 3167 522 3216 11
540 3161 576 3218 iis
588 3162 635 3231 ΡΙ
661 3167 693 3216 13
711 3163 886 3231 phormonen
904 3161 939 3216 Η
952 3161 1118 3215 sermionem

105 3234 151 3300 ΡΙ
168 3232 359 3289 calchidenses
370 3234 405 3288 H
416 3231 586 3288 calcidenses
596 3233 642 3301 ΡΙ
658 3235 719 3305 spe]
734 3234 789 3288 fide
802 3233 978 3288 Wochsmutt
993 3234 998 3301 Ι
1016 3237 1048 3286 16
1062 3229 1118 3286 for·

105 3302 182 3359 miou
201 3304 286 3370 ΗΡΙ
308 3311 341 3360 17
361 3303 529 3373 Hagesilaus
548 3303 583 3358 Η
599 3303 604 3375 Ι
624 3305 752 3360 focenees
770 3303 804 3372 P,
823 3306 886 3358 item
904 3304 983 3370 iufra
1003 3305 1008 3373 Ι
1025 3309 1058 3357 19
1077 3303 1118 3357 iu·

107 3375 253 3430 commodo
272 3376 318 3445 ΡΙ
339 3381 373 3431 10
392 3375 507 3430 liberari
525 3374 668 3430 recidendi
685 3375 720 3429 H
736 3377 741 3442 Ι
761 3380 794 3429 11
814 3373 850 3429 iis
868 3374 918 3440 ΡΙ
939 3379 974 3428 13
992 3373 1118 3445 ynantios

107 3446 175 3514 ΗΡ,
194 3463 264 3503 corr.
282 3449 341 3503 edd.
358 3451 414 3514 114
432 3462 576 3516 regressus
592 3446 645 3516 ΗΙ
665 3451 700 3501 15
719 3446 778 3501 eius
796 3446 847 3514 ΠΙ
868 3451 903 3501 16
922 3444 1045 3501 Viriatus
1065 3445 1094 3499 P
1113 3445 1116 3517 Ι
1217 3506 1225 3522 ·

107 3521 141 3572 17
161 3533 274 3573 securus
288 3519 333 3587 Pl
354 3523 389 3573 18
407 3519 467 3572 tum
488 3519 516 3572 P
541 3519 603 3572 tum
621 3534 684 3572 cum
702 3519 777 3573 edd:
795 3518 830 3584 cf.
847 3533 875 3586 p.
895 3522 945 3582 80ὶ
962 3522 999 3570 14
