2468 3832
145 155 164 216 8
348 150 424 205 IULI
441 149 619 206 FRONTINI
638 148 964 206 STRATEGEMATON

213 315 265 379 12.
296 313 447 378 Metellus
470 311 546 377 Pius
574 313 608 376 in
631 311 790 396 Hispania
817 313 1053 398 interrogatus,
1082 317 1166 401 quid

144 406 276 487 postera
299 403 349 467 die
372 402 517 466 facturus
542 405 640 483 esset,
669 400 831 466 ‘tunicam
855 424 976 485 meam,
999 402 1027 467 si
1051 404 1167 489 eloqui

144 490 280 575 posset’,
302 490 422 574 inquit,
445 488 710 555 ‘comburerem'.

214 581 265 644 13.
287 579 331 644 M.
348 578 493 644 Licinius
513 575 649 642 Crassus
668 579 907 662 percunctanti,
930 601 994 663 quo
1012 584 1167 663 tempore

110 671 252 733 scastra
280 671 428 732 moturus
457 670 554 750 esset,
581 666 762 749 respondit:
795 666 948 750 ‘uereris,
975 689 1017 733 ne
1044 669 1166 735 tubam

144 779 210 822 non
234 754 424 820 exaudias?'

260 981 296 1038 Π.
324 981 372 1034 nn
392 979 649 1036 uxrnoalunrs
668 969 845 1036 consinus
864 960 1038 1036 nosrruu.

213 1112 242 1173 1.
266 1107 373 1192 Scipio
395 1107 582 1191 Africanus,
606 1111 701 1190 capta
725 1107 892 1173 occasione
916 1108 1095 1172 mittendae
1122 1111 1166 1176 ad

146 1197 328 1281 Syphacem
364 1196 554 1282 legationis,
590 1217 662 1260 cum
694 1194 807 1261 Laelio
845 1217 1013 1261 seruorum
1045 1196 1166 1264 habitu

92 1303 125 1352 10
144 1286 292 1351 tribunos
317 1290 350 1349 et
372 1285 578 1349 centuriones
602 1284 815 1350 electissimos
837 1285 885 1348 ire
908 1285 1016 1369 iussit,
1042 1284 1164 1368 quibus

144 1396 240 1440 curae
269 1377 356 1438 esset
383 1372 565 1456 perspicere
591 1372 698 1455 regias
721 1373 817 1437 uires.
861 1372 910 1456 hi,
938 1395 1001 1456 quo
1025 1373 1165 1440 liberius

145 1467 326 1527 castrorum
343 1461 540 1545 positionem
559 1463 788 1545 scrutarentur,
806 1482 924 1544 equum
942 1462 981 1526 de
998 1461 1165 1530 industria·

145 1551 315 1614 dimissum
351 1554 518 1631 tamquam
555 1548 735 1632 fugientem
771 1550 947 1632 persectati
983 1551 1164 1619 maximam

144 1643 271 1722 partem
299 1638 571 1702 munimentorum
599 1637 842 1702 circumierunt:
871 1660 952 1723 quae
981 1660 1053 1704 curn
1077 1661 1164 1706 nun·

94 1746 125 1794 15
144 1727 295 1807 tiassent,
318 1725 465 1790 incendio
490 1725 673 1790 confectum
696 1726 818 1791 bellum
842 1731 900 1792 est.

212 1817 241 1880 2.
270 1815 306 1891 Q.
329 1813 450 1879 Fabius
473 1814 635 1879 Maximus
659 1815 747 1880 bello
771 1814 925 1898 Etrusco,
953 1836 1026 1880 curn
1055 1815 1164 1883 adhuc

143 1905 328 1989 incognitae
354 1903 464 1968 forent
489 1902 649 1968 Romanis
677 1903 811 1967 ducibus
839 1903 1023 1987 sagaciores
1050 1906 1164 1987 explo-

144 1993 236 2058 randi
255 1994 336 2075 uiae,
354 1992 489 2055 fratrem
508 1990 645 2056 Fabium
664 1989 851 2075 Caesonem,
869 1992 1010 2074 peritum
1028 1993 1164 2076 linguae

144 2081 316 2162 Etruscae,
339 2080 435 2143 iussit
454 2078 560 2143 Tusco
583 2078 699 2143 habitu
722 2083 892 2162 penetrare
912 2077 1085 2145 Ciminiam
1104 2082 1163 2147 sil·

92 2187 125 2235 20
144 2191 235 2251 uam,
261 2169 492 2250 intemptatam
520 2170 596 2230 ante
624 2167 722 2231 militi
750 2171 876 2232 nostro:
907 2169 992 2252 quod
1021 2169 1049 2233 is
1078 2169 1163 2236 adeo

144 2257 320 2340 prudenter
339 2258 436 2338 atque
454 2256 612 2319 industrie
630 2255 721 2338 fecit,
744 2259 782 2320 ut
799 2260 1022 2342 transgressus
1041 2257 1164 2324 siluam

144 2345 286 2410 Umbros
315 2341 497 2427 Camertes,
529 2365 602 2408 cum
632 2344 915 2410 animaduertisset
941 2367 1008 2410 non
1035 2346 1164 2412 alienos

143 2433 267 2499 nomini
288 2433 451 2514 Romano,
478 2432 517 2497 ad
540 2433 731 2497 societatem
755 2433 954 2517 compulerit.

211 2523 240 2586 3.
264 2520 559 2605 Carthaginienses,
573 2543 646 2586 cum
661 2521 967 2587 animaduertissent
981 2520 1164 2590 Alexandri

91 2628 124 2678 25
144 2611 191 2675 ita
211 2631 347 2694 magnas
374 2631 465 2693 opes,
488 2613 525 2674 ut
547 2609 680 2676 Africae
701 2632 827 2695 quoque
849 2611 1035 2692 inmineret,
1057 2631 1164 2678 unum

145 2722 184 2764 ex
208 2699 347 2781 ciuibus,
375 2699 483 2763 uirum
510 2720 616 2763 acrem
639 2699 770 2765 nomine
793 2698 1014 2764 Hamilcarem
1036 2697 1164 2764 Rhodi-

144 2809 235 2869 num,
257 2788 422 2851 iusserunt
441 2787 594 2851 simulato
614 2788 728 2852 exsilio
751 2788 798 2851 ire
818 2788 858 2852 ad
876 2809 987 2872 regem
1007 2787 1164 2871 omnique

216 3021 230 3068 1
250 3014 316 3068 Pius
335 3030 385 3068 om.
405 3015 424 3069 d
444 3012 448 3085 l
474 3020 490 3068 2
509 3029 603 3067 meam
617 3012 758 3081 —inquit
776 3030 826 3068 om.
842 3012 886 3067 Ηι
902 3015 906 3082 1
926 3013 957 3067 id
973 3019 1037 3083 post
1055 3014 1079 3068 si
1092 3031 1164 3084 per-

139 3103 237 3154 peram
251 3087 315 3140 add.
330 3086 406 3150 edd.;
424 3086 459 3152 cf.
480 3084 541 3139 Vol.
557 3089 584 3151 7,
593 3089 620 3152 4,
631 3088 656 3139 5.
676 3085 753 3139 Plat.
768 3086 895 3154 apophtt.
912 3085 988 3139 Ouec.
1003 3085 1137 3142 Metell.2
1157 3089 1161 3160 Ι

143 3164 160 3210 4
178 3156 355 3226 percontanti
375 3157 432 3224 (sed
451 3171 467 3209 o
486 3172 519 3210 ex
537 3173 556 3208 u
574 3171 644 3210 corr.
663 3160 688 3209 et
705 3156 756 3209 tan
773 3158 806 3209 ia
823 3172 879 3210 raa
891 3157 921 3223 h)
936 3155 1001 3210 ΗΡ

216 3233 247 3281 11
268 3227 426 3296 perspicere
440 3226 480 3293 Η,
497 3227 545 3280 sed
564 3227 734 3281 etiamad
750 3228 754 3295 Ι
770 3227 860 3295 quod
878 3243 941 3281 cum
950 3227 1032 3294 ΗΡΙ
1050 3232 1082 3280 15
1097 3230 1163 3283 ual-

142 3297 230 3353 lumd
246 3301 250 3364 l
268 3304 300 3352 17
315 3298 468 3368 sagatiores
481 3328 511 3337 -
523 3297 681 3351 fratremH
690 3299 785 3353 ieras.
804 3299 808 3365 l
824 3304 859 3352 24
874 3297 1138 3366 Carthaginensesls
1155 3301 1159 3373 l

143 3375 177 3423 26
197 3369 358 3424 amilcarem
372 3367 423 3438 ΗΙ
443 3367 573 3423 rodinum
589 3368 634 3435 H,
652 3369 699 3424 sed
715 3384 748 3422 ro
766 3370 798 3422 in
816 3385 871 3423 rac.
890 3370 976 3423 trium
993 3369 1050 3436 fere
1068 3370 1120 3424 litt.
1141 3373 1163 3427 le

144 3441 292 3495 shodinum
313 3439 341 3492 P
363 3440 526 3506 rhodinum,
543 3440 686 3508 rhodium,
706 3439 864 3507 scodinum,
884 3439 1037 3507 stadinum,
1056 3439 1162 3497 rhoda-

143 3529 211 3565 num
230 3513 263 3578 d,·
288 3510 455 3565 Rhodanum
475 3512 579 3566 Iastia.
598 3515 647 3577 21,
661 3515 718 3577 6,1
738 3515 763 3564 et
782 3509 858 3566 Oros.
877 3514 903 3577 4,
918 3515 946 3578 6,
959 3513 997 3564 21
