2468 3832
141 128 185 191 24
351 126 427 182 IULI
445 124 624 182 PRONTINI
643 123 965 181 STRATEGEMATON

140 293 255 358 noster
287 289 461 373 exercitus,
498 288 703 354 succiderunt
736 289 870 354 arbores
902 288 962 373 ita,
999 291 1037 352 ut
1067 293 1172 371 parte

142 379 261 463 exigua
284 379 486 443 sustentatae
510 380 648 461 starent,
676 376 778 443 donec
805 376 1055 461 inpellerentur3
1083 377 1169 443 deli-

142 470 276 532 tuerunt
302 466 418 532 deinde
446 465 487 531 ad
515 469 677 531 extremas
708 465 773 550 ipsi
800 465 1012 551 ingressoque
1042 465 1168 532 siluam

143 556 238 621 hoste
262 555 363 640 <per>
386 555 552 640 proximas
576 555 747 621 ulteriores
771 555 974 639 inpulerant:
1002 574 1039 618 eo
1063 555 1169 622 modo

109 647 327 730 opropagata
349 644 473 729 pariter
495 664 595 728 supra
617 642 783 709 Romanos
802 644 898 708 ruina
916 663 1070 728 magnam
1093 666 1170 709 ma-

143 755 221 799 num
245 733 408 799 eliserunt.

145 941 205 998 VH.
233 939 522 1006 QUEMADMODUM
536 940 593 1010 ΕΑ,
608 939 741 1008 QUIBUS
756 939 993 1009 DEFIOEEMUR,
1007 938 1169 997 woran-

188 1028 264 1084 TUR
280 1027 361 1083 NON
378 1028 517 1085 DEESSE
537 1030 612 1085 AUT
631 1029 722 1086 Usus
741 1028 871 1086 EORUM
889 1028 1120 1086 anscherus.

215 1175 243 1238 1.
265 1173 300 1239 L.
316 1172 476 1240 Caecilius
499 1173 665 1260 Metellus,
689 1174 766 1260 quia
789 1197 850 1240 usu
873 1175 1020 1259 nauium,
1042 1173 1167 1260 quibua

94 1279 127 1330 ιο
146 1261 336 1347 elephantos
372 1266 627 1348 transportaret,
654 1263 892 1349 deficiebatur,
932 1262 1039 1328 iunxit
1074 1262 1168 1330 dolia
1199 1301 1208 1318 ·

145 1352 392 1437 constrauitque
424 1353 580 1417 tabulatis
614 1373 651 1416 ao
680 1373 776 1437 super
805 1374 843 1417 ea
874 1353 1001 1437 positos
1027 1373 1087 1435 per
1116 1351 1166 1418 si-

146 1441 254 1505 culum
276 1440 398 1503 fretum
420 1440 614 1506 transmisit

213 1529 243 1592 2.
275 1526 454 1612 Hannibal,
485 1550 559 1593 cum
586 1528 623 1593 in
648 1530 788 1614 praealti
813 1529 955 1594 fluminis
984 1530 1167 1596 transitum

147 1615 340 1699 elephantos
363 1637 429 1682 non
451 1621 563 1702 posset
581 1618 774 1702 compellere
787 1640 847 1684 nec
865 1619 1001 1684 nauium
1019 1622 1077 1683 aut
1094 1641 1166 1684 ma·

95 1722 128 1772 15
146 1704 315 1787 teriarum,
334 1705 450 1790 quibus
469 1709 557 1772 rates
577 1710 853 1793 construerentur,
872 1707 998 1791 copiam
1016 1706 1168 1794 haberet,

146 1793 243 1859 iussit
265 1793 503 1860 ferocissimum
525 1795 736 1881 elephantum
759 1797 820 1862 sub
844 1818 921 1861 aura
939 1795 1105 1860 uulnerari
1130 1801 1168 1863 et

147 1905 221 1948 eum
240 1884 295 1967 qui
314 1884 517 1950 uulnerasset
535 1888 666 1951 tranato
680 1885 792 1950 stetim
810 1885 943 1949 flumine
959 1905 1167 1969 procurreret

147 1972 338 2057 elephantus
369 1976 579 2058 exasperatus
607 1974 648 2038 ad
674 1973 934 2058 persequendum
961 1973 1084 2039 doloris
1111 1975 1167 2039 sui

147 2064 313 2125 auctorem
344 2061 491 2125 tranauit
523 2084 651 2127 amnem
684 2066 717 2127 et
747 2062 881 2147 reliquis
909 2061 995 2127 idem
1023 2061 1167 2128 audendi

94 2166 128 2216 ao
145 2147 224 2214 fecit
247 2149 436 2232 exemplum.

214 2237 244 2300 3.
269 2233 586 2322 Carthaginiensium
605 2238 702 2304 duces
718 2239 910 2304 instructuri
924 2239 1071 2321 classem,
1085 2239 1168 2323 quia

147 2327 259 2409 sparto
288 2324 531 2408 definiebantur,
561 2326 705 2393 crinibus
728 2332 898 2395 tonsarum
924 2328 1097 2394 mulierum
1121 2329 1167 2394 ad

146 2412 241 2478 funes
265 2413 451 2480 efficiendos
475 2416 525 2480 usi
549 2419 632 2481 sunt

214 2503 258 2584 [4.
281 2502 371 2574 Idem
394 2501 617 2570 Massilienses
640 2508 674 2569 et
696 2503 819 2570 Rhodii
840 2504 1008 2585 fecerunt]

93 2608 127 2659 25
214 2590 244 2657 5.
280 2591 324 2656 M.
347 2592 509 2658 Antonius
538 2614 558 2658 a
584 2592 711 2659 Mutina
742 2593 900 2680 profugus
934 2593 1070 2660 cortices
1101 2615 1166 2676 pro

147 2681 249 2745 scutis
272 2680 432 2747 militibus
456 2682 524 2747 suis
548 2681 645 2747 dedit.

200 2852 202 2859 '
220 2860 233 2907 1
254 2853 430 2910 succiderant
447 2856 487 2924 ᾱΙ
504 2859 636 2926 exparte
654 2855 700 2926 ΡΙ
716 2861 732 2910 2
752 2855 922 2911 delituerant
940 2855 976 2910 H
978 2855 1013 2924 P,
1032 2855 1136 2911 corad
1158 2855 1163 2927 Ι

146 2931 233 2995 tpsr
250 2927 379 2995 suppleat
396 2926 531 2995 proximis
552 2927 636 2983 (ἶσαι
658 2925 799 2996 proximas
818 2927 848 2981 in
868 2927 1001 2982 Tanain
1019 2925 1167 2996 proximas

147 2997 217 3053 Orod.
236 3002 239 3063 Ι
263 3001 280 3050 t
298 3000 478 3066 propugnata
492 2998 528 3052 H
529 2998 538 3029 ¹

218 3073 233 3122 '1
244 3066 406 3122 deliciamur
415 3070 515 3137 scripsi
533 3067 717 3123 deficimurH
732 3068 877 3124 deficimus
887 3068 926 3124 P:
939 3070 974 3137 ef.
981 3069 1073 3140 praef.
1084 3068 1147 3140 §14
1159 3069 1166 3142 Ι

146 3143 163 3194 8
181 3142 215 3194 ut
232 3139 261 3194 P
282 3142 287 3209 1
312 3145 328 3194 9
346 3156 414 3194 usus
432 3138 509 3206 ΗΡ,
527 3155 596 3194 corr.
615 3140 635 3195 d
659 3141 664 3208 l
689 3145 722 3193 11
741 3138 879 3194 tabulatis
898 3138 943 3206 Η,
961 3141 1008 3196 aad
1026 3159 1039 3195 s
1056 3141 1089 3195 ia
1106 3156 1166 3198 rae.

145 3211 267 3266 mearam
285 3211 336 3265 litt.
355 3211 373 3265 b
400 3209 603 3264 tabulamentis
624 3209 671 3280 ΡΙ
697 3215 731 3265 15
750 3213 978 3266 construerentur
995 3211 1015 3266 d
1038 3212 1166 3266 conster-

145 3284 279 3336 narentur
288 3281 323 3336 H
337 3281 547 3336 continerentur
562 3280 617 3336 ΟΡ
633 3283 848 3347 contexerentur
859 3281 929 3337 Oua.
946 3284 951 3352 Ι
967 3283 1072 3337 habere
1082 3280 1145 3337 GH
1159 3282 1165 3356 Ι

147 3357 181 3406 16
201 3352 381 3420 elephantem
399 3351 444 3406 11¹
463 3352 469 3420 Ι
495 3357 527 3407 19
547 3351 681 3407 audiendi
699 3352 764 3408 ΗΡ
779 3358 842 3408 uate
859 3355 937 3423 raa!
962 3359 996 3406 21
1016 3352 1168 3424 chartagi-

146 3420 274 3481 nansium
293 3421 317 3477 0
338 3420 603 3491 Carthaginensium
621 3425 639 3479 b
664 3427 669 3494 Ι
694 3429 730 3479 24
749 3424 900 3493 exemplam
918 3425 1039 3480 alienum
1057 3428 1109 3480 eat:
1128 3424 1166 3492 cf.

141 3491 312 3565 errem
