<?xml version="1.0" encoding="UTF-8"?>
<!DOCTYPE html PUBLIC "-//W3C//DTD XHTML 1.0 Transitional//EN"
    "http://www.w3.org/TR/xhtml1/DTD/xhtml1-transitional.dtd">
<html xmlns="http://www.w3.org/1999/xhtml" xml:lang="en" lang="en">
 <head>
  <title>
</title>
<meta http-equiv="Content-Type" content="text/html;charset=utf-8" />
  <meta name='ocr-system' content='tesseract 3.04.00' />
  <meta name='ocr-capabilities' content='ocr_page ocr_carea ocr_par ocr_line ocrx_word'/>
</head>
<body>
  <div class='ocr_page' id='page_1' title='image "./ivlifrontinistr01gundgoog_0036.png"; bbox 0 0 2468 3832; ppageno 0'>
   <div class='ocr_carea' id='block_1_1' title="bbox 404 108 1087 174">
    <p class='ocr_par' dir='ltr' id='par_1_1' title="bbox 404 108 1087 174">
     <span class='ocr_line' id='line_1_1' title="bbox 404 108 1087 174; baseline 0.016 -11"><span class='ocrx_word' id='word_1_1' title='bbox 404 108 516 164; x_wconf 82' lang='lat' dir='ltr'><strong>LIBER</strong></span> <span class='ocrx_word' id='word_1_2' title='bbox 534 110 555 163; x_wconf 88' lang='lat' dir='ltr'>I.</span> <span class='ocrx_word' id='word_1_3' title='bbox 584 108 660 164; x_wconf 82' lang='lat' dir='ltr'>oAP.</span> <span class='ocrx_word' id='word_1_4' title='bbox 681 116 759 165; x_wconf 80' lang='lat'>2-4.</span> <span class='ocrx_word' id='word_1_5' title='bbox 1045 111 1087 174; x_wconf 83' lang='lat' dir='ltr'>ll</span> 
     </span>
    </p>
   </div>
   <div class='ocr_carea' id='block_1_2' title="bbox 75 269 1183 2124">
    <p class='ocr_par' dir='ltr' id='par_1_2' title="bbox 75 269 1126 710">
     <span class='ocr_line' id='line_1_2' title="bbox 142 269 1090 358; baseline 0 -20"><span class='ocrx_word' id='word_1_6' title='bbox 142 272 172 338; x_wconf 87' lang='grc'>6.</span> <span class='ocrx_word' id='word_1_7' title='bbox 194 271 430 337; x_wconf 79' lang='lat' dir='ltr'>Themistocles</span> <span class='ocrx_word' id='word_1_8' title='bbox 445 271 641 335; x_wconf 86' lang='lat' dir='ltr'>aduentante</span> <span class='ocrx_word' id='word_1_9' title='bbox 654 269 768 356; x_wconf 83' lang='lat' dir='ltr'>Xerxe,</span> <span class='ocrx_word' id='word_1_10' title='bbox 788 272 864 356; x_wconf 87' lang='lat' dir='ltr'>quia</span> <span class='ocrx_word' id='word_1_11' title='bbox 876 294 980 357; x_wconf 89' lang='lat' dir='ltr'>neque</span> <span class='ocrx_word' id='word_1_12' title='bbox 995 296 1090 358; x_wconf 93' lang='lat' dir='ltr'>proe-</span> 
     </span>
     <span class='ocr_line' id='line_1_3' title="bbox 77 359 1091 444; baseline 0 -17"><span class='ocrx_word' id='word_1_13' title='bbox 77 362 121 427; x_wconf 94' lang='lat' dir='ltr'>lio</span> <span class='ocrx_word' id='word_1_14' title='bbox 138 359 282 444; x_wconf 75' lang='lat' dir='ltr'><strong>pedestri</strong></span> <span class='ocrx_word' id='word_1_15' title='bbox 300 381 404 443; x_wconf 88' lang='lat' dir='ltr'>neque</span> <span class='ocrx_word' id='word_1_16' title='bbox 422 360 544 424; x_wconf 75' lang='lat' dir='ltr'>tutelae</span> <span class='ocrx_word' id='word_1_17' title='bbox 563 360 676 424; x_wconf 90' lang='lat' dir='ltr'>finium</span> <span class='ocrx_word' id='word_1_18' title='bbox 690 381 793 444; x_wconf 91' lang='lat' dir='ltr'>neque</span> <span class='ocrx_word' id='word_1_19' title='bbox 808 359 971 426; x_wconf 89' lang='lat' dir='ltr'>obsidioni</span> <span class='ocrx_word' id='word_1_20' title='bbox 985 363 1091 427; x_wconf 92' lang='lat' dir='ltr'>crede·</span> 
     </span>
     <span class='ocr_line' id='line_1_4' title="bbox 75 448 1091 531; baseline 0.002 -17"><span class='ocrx_word' id='word_1_21' title='bbox 75 451 134 514; x_wconf 90' lang='lat' dir='ltr'>bat</span> <span class='ocrx_word' id='word_1_22' title='bbox 148 448 295 513; x_wconf 88' lang='lat' dir='ltr'>sufficere</span> <span class='ocrx_word' id='word_1_23' title='bbox 309 448 537 531; x_wconf 86' lang='lat' dir='ltr'>Athenienses,</span> <span class='ocrx_word' id='word_1_24' title='bbox 555 453 668 513; x_wconf 88' lang='lat' dir='ltr'>auctor</span> <span class='ocrx_word' id='word_1_25' title='bbox 685 448 750 513; x_wconf 84' lang='lat' dir='ltr'>fuit</span> <span class='ocrx_word' id='word_1_26' title='bbox 764 450 811 514; x_wconf 92' lang='lat' dir='ltr'>eis</span> <span class='ocrx_word' id='word_1_27' title='bbox 826 450 945 514; x_wconf 90' lang='lat' dir='ltr'>liberos</span> <span class='ocrx_word' id='word_1_28' title='bbox 964 454 997 514; x_wconf 88' lang='lat' dir='ltr'>et</span> <span class='ocrx_word' id='word_1_29' title='bbox 1015 473 1091 516; x_wconf 91' lang='lat' dir='ltr'>con-</span> 
     </span>
     <span class='ocr_line' id='line_1_5' title="bbox 76 536 1090 623; baseline 0.004 -23"><span class='ocrx_word' id='word_1_30' title='bbox 76 538 167 622; x_wconf 80' lang='lat' dir='ltr'>iuges</span> <span class='ocrx_word' id='word_1_31' title='bbox 182 538 216 600; x_wconf 93' lang='lat' dir='ltr'>in</span> <span class='ocrx_word' id='word_1_32' title='bbox 226 536 391 602; x_wconf 85' lang='lat' dir='ltr'>Troezena</span> <span class='ocrx_word' id='word_1_33' title='bbox 406 540 439 601; x_wconf 91' lang='lat' dir='ltr'>et</span> <span class='ocrx_word' id='word_1_34' title='bbox 452 537 486 601; x_wconf 94' lang='lat' dir='ltr'>in</span> <span class='ocrx_word' id='word_1_35' title='bbox 500 537 581 602; x_wconf 88' lang='lat' dir='ltr'>alias</span> <span class='ocrx_word' id='word_1_36' title='bbox 595 538 692 602; x_wconf 90' lang='lat' dir='ltr'>urbes</span> <span class='ocrx_word' id='word_1_37' title='bbox 707 537 901 603; x_wconf 90' lang='lat' dir='ltr'>amandandi</span> <span class='ocrx_word' id='word_1_38' title='bbox 914 538 1090 623; x_wconf 89' lang='lat' dir='ltr'>relictoque</span> 
     </span>
     <span class='ocr_line' id='line_1_6' title="bbox 77 624 1126 710; baseline 0.002 -20"><span class='ocrx_word' id='word_1_39' title='bbox 77 624 198 710; x_wconf 91' lang='lat' dir='ltr'>oppido</span> <span class='ocrx_word' id='word_1_40' title='bbox 225 627 348 690; x_wconf 88' lang='lat' dir='ltr'>statum</span> <span class='ocrx_word' id='word_1_41' title='bbox 375 625 455 690; x_wconf 94' lang='lat' dir='ltr'>belli</span> <span class='ocrx_word' id='word_1_42' title='bbox 478 626 519 690; x_wconf 90' lang='lat' dir='ltr'>ad</span> <span class='ocrx_word' id='word_1_43' title='bbox 541 626 659 690; x_wconf 88' lang='lat' dir='ltr'>nauale</span> <span class='ocrx_word' id='word_1_44' title='bbox 681 626 842 710; x_wconf 90' lang='lat' dir='ltr'>proelium</span> <span class='ocrx_word' id='word_1_45' title='bbox 865 626 1126 692; x_wconf 70' lang='lat' dir='ltr'>transferendis</span> 
     </span>
    </p>

    <p class='ocr_par' dir='ltr' id='par_1_3' title="bbox 76 712 1091 892">
     <span class='ocr_line' id='line_1_7' title="bbox 145 712 1091 794; baseline 0.002 -17"><span class='ocrx_word' id='word_1_46' title='bbox 145 714 188 794; x_wconf 78' lang='lat'>[7.</span> <span class='ocrx_word' id='word_1_47' title='bbox 211 712 302 778; x_wconf 88' lang='lat' dir='ltr'>Idem</span> <span class='ocrx_word' id='word_1_48' title='bbox 324 713 403 778; x_wconf 90' lang='lat' dir='ltr'>fecit</span> <span class='ocrx_word' id='word_1_49' title='bbox 421 714 455 778; x_wconf 90' lang='lat' dir='ltr'>in</span> <span class='ocrx_word' id='word_1_50' title='bbox 475 713 586 780; x_wconf 88' lang='lat' dir='ltr'>eadem</span> <span class='ocrx_word' id='word_1_51' title='bbox 606 714 739 780; x_wconf 88' lang='lat' dir='ltr'>ciuitate</span> <span class='ocrx_word' id='word_1_52' title='bbox 758 715 899 780; x_wconf 88' lang='lat' dir='ltr'>Pericles</span> <span class='ocrx_word' id='word_1_53' title='bbox 919 715 1091 780; x_wconf 89' lang='lat' dir='ltr'>aduersum</span> 
     </span>
     <span class='ocr_line' id='line_1_8' title="bbox 76 801 566 892; baseline -0.002 -25"><span class='ocrx_word' id='word_1_54' title='bbox 76 801 373 882; x_wconf 83' lang='lat' dir='ltr'>Lacedaemonios]</span> <span class='ocrx_word' id='word_1_55' title='bbox 560 870 566 892; x_wconf 36' lang='grc' dir='ltr'><strong>ι</strong></span> 
     </span>
    </p>

    <p class='ocr_par' dir='ltr' id='par_1_4' title="bbox 75 888 1144 1238">
     <span class='ocr_line' id='line_1_9' title="bbox 142 888 1091 976; baseline -0.001 -19"><span class='ocrx_word' id='word_1_56' title='bbox 142 892 172 957; x_wconf 88' lang='grc'>8.</span> <span class='ocrx_word' id='word_1_57' title='bbox 195 888 317 976; x_wconf 84' lang='lat' dir='ltr'>Scipio,</span> <span class='ocrx_word' id='word_1_58' title='bbox 341 895 495 956; x_wconf 90' lang='lat' dir='ltr'>manente</span> <span class='ocrx_word' id='word_1_59' title='bbox 512 891 547 956; x_wconf 93' lang='lat' dir='ltr'>in</span> <span class='ocrx_word' id='word_1_60' title='bbox 565 890 664 956; x_wconf 87' lang='lat' dir='ltr'>Italia</span> <span class='ocrx_word' id='word_1_61' title='bbox 681 890 880 976; x_wconf 75' lang='lat' dir='ltr'>Hannibale,</span> <span class='ocrx_word' id='word_1_62' title='bbox 897 892 1091 957; x_wconf 86' lang='lat' dir='ltr'>transmisso</span> 
     </span>
     <span class='ocr_line' id='line_1_10' title="bbox 75 979 1090 1066; baseline 0 -22"><span class='ocrx_word' id='word_1_63' title='bbox 75 980 111 1044; x_wconf 89' lang='lat' dir='ltr'>in</span> <span class='ocrx_word' id='word_1_64' title='bbox 142 979 290 1044; x_wconf 87' lang='lat' dir='ltr'>Africam</span> <span class='ocrx_word' id='word_1_65' title='bbox 328 980 469 1045; x_wconf 86' lang='lat' dir='ltr'>exercitu</span> <span class='ocrx_word' id='word_1_66' title='bbox 506 980 734 1044; x_wconf 88' lang='lat' dir='ltr'>necessitatem</span> <span class='ocrx_word' id='word_1_67' title='bbox 767 979 1090 1066; x_wconf 75' lang='lat' dir='ltr'>Carthaginiensibus</span> 
     </span>
     <span class='ocr_line' id='line_1_11' title="bbox 76 1066 1144 1151; baseline 0.004 -20"><span class='ocrx_word' id='word_1_68' title='bbox 76 1068 222 1151; x_wconf 82' lang='lat' dir='ltr'>inposuit</span> <span class='ocrx_word' id='word_1_69' title='bbox 245 1067 419 1132; x_wconf 85' lang='lat' dir='ltr'>revocandi</span> <span class='ocrx_word' id='word_1_70' title='bbox 440 1066 674 1132; x_wconf 88' lang='lat' dir='ltr'>Hannibalem:</span> <span class='ocrx_word' id='word_1_71' title='bbox 698 1068 745 1133; x_wconf 90' lang='lat' dir='ltr'>sic</span> <span class='ocrx_word' id='word_1_72' title='bbox 768 1091 787 1134; x_wconf 89' lang='lat' dir='ltr'>a</span> <span class='ocrx_word' id='word_1_73' title='bbox 812 1069 996 1135; x_wconf 82' lang='lat' dir='ltr'>domesticis</span> <span class='ocrx_word' id='word_1_74' title='bbox 1019 1070 1091 1133; x_wconf 87' lang='lat' dir='ltr'>fini-</span> <span class='ocrx_word' id='word_1_75' title='bbox 1113 1084 1144 1135; x_wconf 94' lang='lat'>10</span> 
     </span>
     <span class='ocr_line' id='line_1_12' title="bbox 76 1155 745 1238; baseline 0 -18"><span class='ocrx_word' id='word_1_76' title='bbox 76 1156 137 1220; x_wconf 89' lang='lat' dir='ltr'>bus</span> <span class='ocrx_word' id='word_1_77' title='bbox 161 1155 241 1238; x_wconf 81' lang='lat' dir='ltr'>&lt;in&gt;</span> <span class='ocrx_word' id='word_1_78' title='bbox 264 1155 401 1219; x_wconf 85' lang='lat' dir='ltr'>hostiles</span> <span class='ocrx_word' id='word_1_79' title='bbox 424 1155 593 1220; x_wconf 87' lang='lat' dir='ltr'>transtulit</span> <span class='ocrx_word' id='word_1_80' title='bbox 616 1156 745 1221; x_wconf 90' lang='lat' dir='ltr'>bellum.</span> 
     </span>
    </p>

    <p class='ocr_par' dir='ltr' id='par_1_5' title="bbox 76 1242 1183 1683">
     <span class='ocr_line' id='line_1_13' title="bbox 144 1242 1183 1328; baseline 0 -20"><span class='ocrx_word' id='word_1_81' title='bbox 144 1243 174 1308; x_wconf 88' lang='lat'>9.</span> <span class='ocrx_word' id='word_1_82' title='bbox 202 1242 431 1325; x_wconf 82' lang='lat' dir='ltr'>Athenienses,</span> <span class='ocrx_word' id='word_1_83' title='bbox 460 1265 533 1308; x_wconf 90' lang='lat' dir='ltr'>eum</span> <span class='ocrx_word' id='word_1_84' title='bbox 556 1242 721 1310; x_wconf 89' lang='lat' dir='ltr'>Deceliam</span> <span class='ocrx_word' id='word_1_85' title='bbox 750 1245 919 1310; x_wconf 89' lang='lat' dir='ltr'>castellum</span> <span class='ocrx_word' id='word_1_86' title='bbox 945 1244 1092 1328; x_wconf 89' lang='lat' dir='ltr'>ipsorum</span> <span class='ocrx_word' id='word_1_87' title='bbox 1179 1293 1183 1300; x_wconf 87' lang='lat'>.</span> 
     </span>
     <span class='ocr_line' id='line_1_14' title="bbox 78 1331 1093 1418; baseline 0 -22"><span class='ocrx_word' id='word_1_88' title='bbox 78 1331 324 1398; x_wconf 88' lang='lat' dir='ltr'>Lacedaemonii</span> <span class='ocrx_word' id='word_1_89' title='bbox 347 1333 601 1398; x_wconf 87' lang='lat' dir='ltr'>communissent</span> <span class='ocrx_word' id='word_1_90' title='bbox 621 1336 654 1397; x_wconf 89' lang='lat' dir='ltr'>et</span> <span class='ocrx_word' id='word_1_91' title='bbox 671 1333 872 1418; x_wconf 80' lang='lat' dir='ltr'>frequentius</span> <span class='ocrx_word' id='word_1_92' title='bbox 891 1336 1093 1416; x_wconf 83' lang='lat' dir='ltr'>vexarentur,</span> 
     </span>
     <span class='ocr_line' id='line_1_15' title="bbox 77 1420 1092 1507; baseline 0 -21"><span class='ocrx_word' id='word_1_93' title='bbox 77 1423 228 1504; x_wconf 90' lang='lat' dir='ltr'>classem,</span> <span class='ocrx_word' id='word_1_94' title='bbox 252 1442 333 1504; x_wconf 90' lang='lat' dir='ltr'>quae</span> <span class='ocrx_word' id='word_1_95' title='bbox 349 1420 612 1506; x_wconf 89' lang='lat' dir='ltr'>Peloponensum</span> <span class='ocrx_word' id='word_1_96' title='bbox 631 1421 816 1507; x_wconf 88' lang='lat' dir='ltr'>infestaret,</span> <span class='ocrx_word' id='word_1_97' title='bbox 839 1422 999 1487; x_wconf 90' lang='lat' dir='ltr'>miserunt</span> <span class='ocrx_word' id='word_1_98' title='bbox 1018 1443 1092 1487; x_wconf 94' lang='lat' dir='ltr'>con-</span> 
     </span>
     <span class='ocr_line' id='line_1_16' title="bbox 77 1510 1145 1595; baseline 0 -22"><span class='ocrx_word' id='word_1_99' title='bbox 77 1511 242 1594; x_wconf 87' lang='lat' dir='ltr'>secutique</span> <span class='ocrx_word' id='word_1_100' title='bbox 275 1513 363 1593; x_wconf 88' lang='lat' dir='ltr'>sunt,</span> <span class='ocrx_word' id='word_1_101' title='bbox 394 1515 433 1575; x_wconf 89' lang='lat' dir='ltr'>ut</span> <span class='ocrx_word' id='word_1_102' title='bbox 465 1511 624 1576; x_wconf 86' lang='lat' dir='ltr'>exercitus</span> <span class='ocrx_word' id='word_1_103' title='bbox 657 1510 999 1594; x_wconf 81' lang='lat' dir='ltr'>Lacedaemoniorum,</span> <span class='ocrx_word' id='word_1_104' title='bbox 1037 1510 1093 1595; x_wconf 91' lang='lat' dir='ltr'>qui</span> <span class='ocrx_word' id='word_1_105' title='bbox 1112 1525 1145 1574; x_wconf 85' lang='lat'>15</span> 
     </span>
     <span class='ocr_line' id='line_1_17' title="bbox 76 1597 575 1683; baseline 0 -21"><span class='ocrx_word' id='word_1_106' title='bbox 76 1597 227 1663; x_wconf 79' lang='lat' dir='ltr'>Deceliae</span> <span class='ocrx_word' id='word_1_107' title='bbox 251 1601 335 1683; x_wconf 86' lang='lat' dir='ltr'>erat,</span> <span class='ocrx_word' id='word_1_108' title='bbox 357 1603 575 1664; x_wconf 84' lang='lat' dir='ltr'>reuocaretur.</span> 
     </span>
    </p>

    <p class='ocr_par' dir='ltr' id='par_1_6' title="bbox 76 1684 1146 2124">
     <span class='ocr_line' id='line_1_18' title="bbox 145 1684 1092 1772; baseline -0.002 -20"><span class='ocrx_word' id='word_1_109' title='bbox 145 1688 195 1752; x_wconf 88' lang='grc'>10.</span> <span class='ocrx_word' id='word_1_110' title='bbox 223 1685 406 1771; x_wconf 87' lang='lat' dir='ltr'>Imperator</span> <span class='ocrx_word' id='word_1_111' title='bbox 433 1684 554 1751; x_wconf 78' lang='lat' dir='ltr'>Caesar</span> <span class='ocrx_word' id='word_1_112' title='bbox 576 1685 783 1752; x_wconf 86' lang='lat' dir='ltr'>Domitianus</span> <span class='ocrx_word' id='word_1_113' title='bbox 807 1685 990 1772; x_wconf 76' lang='lat' dir='ltr'>Augustus,</span> <span class='ocrx_word' id='word_1_114' title='bbox 1019 1709 1092 1752; x_wconf 90' lang='lat' dir='ltr'>cum</span> 
     </span>
     <span class='ocr_line' id='line_1_19' title="bbox 77 1774 1093 1840; baseline -0.001 -1"><span class='ocrx_word' id='word_1_115' title='bbox 77 1774 232 1840; x_wconf 83' lang='lat' dir='ltr'>Germani</span> <span class='ocrx_word' id='word_1_116' title='bbox 254 1796 344 1839; x_wconf 90' lang='lat' dir='ltr'>more</span> <span class='ocrx_word' id='word_1_117' title='bbox 364 1796 422 1839; x_wconf 86' lang='lat' dir='ltr'>suo</span> <span class='ocrx_word' id='word_1_118' title='bbox 442 1795 459 1838; x_wconf 96' lang='lat' dir='ltr'>e</span> <span class='ocrx_word' id='word_1_119' title='bbox 478 1774 617 1838; x_wconf 90' lang='lat' dir='ltr'>saltibus</span> <span class='ocrx_word' id='word_1_120' title='bbox 637 1778 670 1838; x_wconf 89' lang='lat' dir='ltr'>et</span> <span class='ocrx_word' id='word_1_121' title='bbox 688 1775 835 1839; x_wconf 84' lang='lat' dir='ltr'>obscuris</span> <span class='ocrx_word' id='word_1_122' title='bbox 859 1774 995 1839; x_wconf 90' lang='lat' dir='ltr'>latebris</span> <span class='ocrx_word' id='word_1_123' title='bbox 1020 1775 1093 1839; x_wconf 90' lang='lat' dir='ltr'>sub·</span> 
     </span>
     <span class='ocr_line' id='line_1_20' title="bbox 77 1862 1093 1947; baseline 0 -21"><span class='ocrx_word' id='word_1_124' title='bbox 77 1863 152 1938; x_wconf 86' lang='lat' dir='ltr'>inde</span> <span class='ocrx_word' id='word_1_125' title='bbox 174 1865 394 1946; x_wconf 79' lang='lat' dir='ltr'>impugnarent</span> <span class='ocrx_word' id='word_1_126' title='bbox 415 1864 547 1926; x_wconf 90' lang='lat' dir='ltr'>nostros</span> <span class='ocrx_word' id='word_1_127' title='bbox 569 1865 743 1946; x_wconf 90' lang='lat' dir='ltr'>tutumque</span> <span class='ocrx_word' id='word_1_128' title='bbox 764 1882 947 1947; x_wconf 83' lang='lat' dir='ltr'>regressum</span> <span class='ocrx_word' id='word_1_129' title='bbox 968 1862 1002 1927; x_wconf 93' lang='lat' dir='ltr'>in</span> <span class='ocrx_word' id='word_1_130' title='bbox 1020 1883 1093 1945; x_wconf 93' lang='lat' dir='ltr'>pro·</span> 
     </span>
     <span class='ocr_line' id='line_1_21' title="bbox 76 1950 1146 2036; baseline 0.002 -22"><span class='ocrx_word' id='word_1_131' title='bbox 76 1950 179 2015; x_wconf 84' lang='lat' dir='ltr'>funda</span> <span class='ocrx_word' id='word_1_132' title='bbox 198 1951 355 2015; x_wconf 88' lang='lat' dir='ltr'>siluarum</span> <span class='ocrx_word' id='word_1_133' title='bbox 373 1950 546 2036; x_wconf 90' lang='lat' dir='ltr'>haberent,</span> <span class='ocrx_word' id='word_1_134' title='bbox 567 1950 728 2015; x_wconf 89' lang='lat' dir='ltr'>limitibus</span> <span class='ocrx_word' id='word_1_135' title='bbox 747 1972 806 2033; x_wconf 91' lang='lat' dir='ltr'>per</span> <span class='ocrx_word' id='word_1_136' title='bbox 825 1955 954 2015; x_wconf 88' lang='lat' dir='ltr'>centum</span> <span class='ocrx_word' id='word_1_137' title='bbox 973 1950 1092 2036; x_wconf 83' lang='lat' dir='ltr'>uiginti</span> <span class='ocrx_word' id='word_1_138' title='bbox 1112 1965 1146 2016; x_wconf 73' lang='lat'>20</span> 
     </span>
     <span class='ocr_line' id='line_1_22' title="bbox 78 2038 1114 2124; baseline 0.002 -23"><span class='ocrx_word' id='word_1_139' title='bbox 78 2039 169 2103; x_wconf 86' lang='lat' dir='ltr'>milia</span> <span class='ocrx_word' id='word_1_140' title='bbox 190 2059 347 2121; x_wconf 91' lang='lat' dir='ltr'>passuum</span> <span class='ocrx_word' id='word_1_141' title='bbox 366 2039 447 2104; x_wconf 87' lang='lat' dir='ltr'>actis</span> <span class='ocrx_word' id='word_1_142' title='bbox 467 2061 535 2104; x_wconf 94' lang='lat' dir='ltr'>non</span> <span class='ocrx_word' id='word_1_143' title='bbox 553 2039 695 2104; x_wconf 91' lang='lat' dir='ltr'>mutauit</span> <span class='ocrx_word' id='word_1_144' title='bbox 713 2042 842 2105; x_wconf 89' lang='lat' dir='ltr'>tantum</span> <span class='ocrx_word' id='word_1_145' title='bbox 861 2043 985 2105; x_wconf 89' lang='lat' dir='ltr'>statum</span> <span class='ocrx_word' id='word_1_146' title='bbox 1003 2038 1093 2124; x_wconf 92' lang='lat' dir='ltr'>belli,</span> <span class='ocrx_word' id='word_1_147' title='bbox 1112 2049 1114 2054; x_wconf 83' lang='lat'>&#39;</span> 
     </span>
    </p>
   </div>
   <div class='ocr_carea' id='block_1_3' title="bbox 79 2126 1092 2280">
    <p class='ocr_par' dir='ltr' id='par_1_7' title="bbox 79 2126 1092 2280">
     <span class='ocr_line' id='line_1_23' title="bbox 79 2126 1092 2214; baseline 0.002 -24"><span class='ocrx_word' id='word_1_148' title='bbox 79 2126 135 2191; x_wconf 91' lang='lat' dir='ltr'>sed</span> <span class='ocrx_word' id='word_1_149' title='bbox 164 2129 196 2190; x_wconf 94' lang='lat' dir='ltr'>et</span> <span class='ocrx_word' id='word_1_150' title='bbox 224 2126 360 2191; x_wconf 90' lang='lat' dir='ltr'>subiecit</span> <span class='ocrx_word' id='word_1_151' title='bbox 388 2126 507 2193; x_wconf 92' lang='lat' dir='ltr'>dicioni</span> <span class='ocrx_word' id='word_1_152' title='bbox 536 2149 612 2193; x_wconf 90' lang='lat' dir='ltr'>suae</span> <span class='ocrx_word' id='word_1_153' title='bbox 640 2128 766 2212; x_wconf 89' lang='lat' dir='ltr'>hostes,</span> <span class='ocrx_word' id='word_1_154' title='bbox 799 2150 935 2213; x_wconf 89' lang='lat' dir='ltr'>quorum</span> <span class='ocrx_word' id='word_1_155' title='bbox 965 2129 1092 2214; x_wconf 81' lang='lat' dir='ltr'>refugia</span> 
     </span>
     <span class='ocr_line' id='line_1_24' title="bbox 79 2215 267 2280; baseline 0.011 -2"><span class='ocrx_word' id='word_1_156' title='bbox 79 2215 267 2280; x_wconf 87' lang='lat' dir='ltr'>nudauerat.</span> 
     </span>
    </p>
   </div>
   <div class='ocr_carea' id='block_1_4' title="bbox 77 2387 1146 2518">
    <p class='ocr_par' dir='ltr' id='par_1_8' title="bbox 77 2387 1146 2518">
     <span class='ocr_line' id='line_1_25' title="bbox 77 2387 1146 2518; baseline 0.001 -74"><span class='ocrx_word' id='word_1_157' title='bbox 77 2389 136 2444; x_wconf 90' lang='lat' dir='ltr'>IlIl.</span> <span class='ocrx_word' id='word_1_158' title='bbox 168 2387 217 2444; x_wconf 75' lang='lat' dir='ltr'>Du</span> <span class='ocrx_word' id='word_1_159' title='bbox 242 2390 750 2518; x_wconf 46' lang='lat' dir='ltr'>TRANSDUGENlffiFggTEZtOITU</span> <span class='ocrx_word' id='word_1_160' title='bbox 773 2391 845 2446; x_wconf 83' lang='lat' dir='ltr'>PER</span> <span class='ocrx_word' id='word_1_161' title='bbox 863 2392 959 2448; x_wconf 84' lang='lat' dir='ltr'>LOCA</span> <span class='ocrx_word' id='word_1_162' title='bbox 983 2390 1092 2448; x_wconf 84' lang='lat' dir='ltr'>HOSTI</span> <span class='ocrx_word' id='word_1_163' title='bbox 1111 2464 1146 2513; x_wconf 46' lang='grc' dir='ltr'>ᾖ</span> 
     </span>
    </p>
   </div>
   <div class='ocr_carea' id='block_1_5' title="bbox 78 2567 1093 2741">
    <p class='ocr_par' dir='ltr' id='par_1_9' title="bbox 78 2567 1093 2741">
     <span class='ocr_line' id='line_1_26' title="bbox 147 2567 1093 2636; baseline 0.002 -4"><span class='ocrx_word' id='word_1_164' title='bbox 147 2570 174 2632; x_wconf 93' lang='grc'>1.</span> <span class='ocrx_word' id='word_1_165' title='bbox 202 2567 363 2632; x_wconf 83' lang='lat' dir='ltr'>Aemilius</span> <span class='ocrx_word' id='word_1_166' title='bbox 385 2569 507 2633; x_wconf 88' lang='lat' dir='ltr'>Paulus</span> <span class='ocrx_word' id='word_1_167' title='bbox 536 2571 650 2634; x_wconf 89' lang='lat' dir='ltr'>consul</span> <span class='ocrx_word' id='word_1_168' title='bbox 678 2592 751 2635; x_wconf 91' lang='lat' dir='ltr'>cum</span> <span class='ocrx_word' id='word_1_169' title='bbox 779 2571 814 2635; x_wconf 92' lang='lat' dir='ltr'>in</span> <span class='ocrx_word' id='word_1_170' title='bbox 838 2570 977 2636; x_wconf 87' lang='lat' dir='ltr'>Lucanis</span> <span class='ocrx_word' id='word_1_171' title='bbox 1000 2571 1093 2635; x_wconf 85' lang='lat' dir='ltr'>iuxta</span> 
     </span>
     <span class='ocr_line' id='line_1_27' title="bbox 78 2656 1093 2741; baseline 0.005 -22"><span class='ocrx_word' id='word_1_172' title='bbox 78 2656 157 2720; x_wconf 90' lang='lat' dir='ltr'>litus</span> <span class='ocrx_word' id='word_1_173' title='bbox 188 2660 329 2741; x_wconf 86' lang='lat' dir='ltr'>angusto</span> <span class='ocrx_word' id='word_1_174' title='bbox 360 2656 476 2721; x_wconf 89' lang='lat' dir='ltr'>itinere</span> <span class='ocrx_word' id='word_1_175' title='bbox 504 2657 679 2722; x_wconf 85' lang='lat' dir='ltr'>exercitum</span> <span class='ocrx_word' id='word_1_176' title='bbox 708 2657 838 2724; x_wconf 88' lang='lat' dir='ltr'>duceret</span> <span class='ocrx_word' id='word_1_177' title='bbox 865 2662 898 2724; x_wconf 89' lang='lat' dir='ltr'>et</span> <span class='ocrx_word' id='word_1_178' title='bbox 925 2659 1093 2724; x_wconf 81' lang='lat' dir='ltr'>Tarentini</span> 
     </span>
    </p>
   </div>
   <div class='ocr_carea' id='block_1_6' title="bbox 77 2830 1096 3541">
    <p class='ocr_par' dir='ltr' id='par_1_10' title="bbox 78 2830 1095 3396">
     <span class='ocr_line' id='line_1_28' title="bbox 149 2830 1095 2894; baseline 0.003 -11"><span class='ocrx_word' id='word_1_179' title='bbox 149 2838 166 2884; x_wconf 89' lang='lat'>4</span> <span class='ocrx_word' id='word_1_180' title='bbox 184 2833 299 2886; x_wconf 87' lang='lat' dir='ltr'>trozena</span> <span class='ocrx_word' id='word_1_181' title='bbox 310 2830 345 2884; x_wconf 89' lang='lat' dir='ltr'><strong><em>H</em></strong></span> <span class='ocrx_word' id='word_1_182' title='bbox 347 2831 393 2894; x_wconf 90' lang='grc' dir='ltr'>ΡΙ</span> <span class='ocrx_word' id='word_1_183' title='bbox 416 2830 586 2885; x_wconf 84' lang='lat' dir='ltr'>amandandi</span> <span class='ocrx_word' id='word_1_184' title='bbox 605 2831 685 2885; x_wconf 83' lang='lat' dir='ltr'>Mod.</span> <span class='ocrx_word' id='word_1_185' title='bbox 711 2832 843 2886; x_wconf 75' lang='lat' dir='ltr'>affidandi</span> <span class='ocrx_word' id='word_1_186' title='bbox 857 2832 892 2886; x_wconf 89' lang='lat' dir='ltr'><strong><em>H</em></strong></span> <span class='ocrx_word' id='word_1_187' title='bbox 908 2832 1051 2888; x_wconf 87' lang='lat' dir='ltr'>ominandi</span> <span class='ocrx_word' id='word_1_188' title='bbox 1067 2833 1095 2886; x_wconf 92' lang='lat' dir='ltr'><em>P</em></span> 
     </span>
     <span class='ocr_line' id='line_1_29' title="bbox 78 2901 1093 2972; baseline 0.002 -16"><span class='ocrx_word' id='word_1_189' title='bbox 78 2901 226 2958; x_wconf 89' lang='lat' dir='ltr'>emittendi</span> <span class='ocrx_word' id='word_1_190' title='bbox 243 2903 263 2955; x_wconf 83' lang='lat' dir='ltr'>d</span> <span class='ocrx_word' id='word_1_191' title='bbox 286 2905 291 2968; x_wconf 92' lang='grc' dir='ltr'>Ι</span> <span class='ocrx_word' id='word_1_192' title='bbox 315 2901 469 2969; x_wconf 87' lang='lat' dir='ltr'>relictaque</span> <span class='ocrx_word' id='word_1_193' title='bbox 488 2901 532 2954; x_wconf 64' lang='grc' dir='ltr'>ΗἸ</span> <span class='ocrx_word' id='word_1_194' title='bbox 558 2905 562 2969; x_wconf 89' lang='grc' dir='ltr'>Ι</span> <span class='ocrx_word' id='word_1_195' title='bbox 587 2907 603 2956; x_wconf 85' lang='grc'><strong>6</strong></span> <span class='ocrx_word' id='word_1_196' title='bbox 623 2904 773 2972; x_wconf 76' lang='lat' dir='ltr'>exemplans</span> <span class='ocrx_word' id='word_1_197' title='bbox 791 2904 925 2970; x_wconf 78' lang='lat' dir='ltr'>alienam,</span> <span class='ocrx_word' id='word_1_198' title='bbox 949 2904 984 2970; x_wconf 77' lang='lat' dir='ltr'>of.</span> <span class='ocrx_word' id='word_1_199' title='bbox 1002 2904 1093 2971; x_wconf 78' lang='lat' dir='ltr'>praef.</span> 
     </span>
     <span class='ocr_line' id='line_1_30' title="bbox 78 2972 1093 3044; baseline -0.002 -16"><span class='ocrx_word' id='word_1_200' title='bbox 78 2972 99 3043; x_wconf 66' lang='grc'><em>5</em></span> <span class='ocrx_word' id='word_1_201' title='bbox 116 2979 134 3028; x_wconf 88' lang='grc'><strong><em>9</em></strong></span> <span class='ocrx_word' id='word_1_202' title='bbox 155 2975 160 3040; x_wconf 80' lang='grc'>1</span> <span class='ocrx_word' id='word_1_203' title='bbox 185 2979 202 3027; x_wconf 85' lang='grc'>9</span> <span class='ocrx_word' id='word_1_204' title='bbox 221 2972 373 3027; x_wconf 87' lang='lat' dir='ltr'>exercitum</span> <span class='ocrx_word' id='word_1_205' title='bbox 386 2972 421 3026; x_wconf 90' lang='lat' dir='ltr'><strong><em>H</em></strong></span> <span class='ocrx_word' id='word_1_206' title='bbox 437 2976 501 3028; x_wconf 80' lang='lat' dir='ltr'>ante</span> <span class='ocrx_word' id='word_1_207' title='bbox 518 2976 595 3041; x_wconf 52' lang='lat' dir='ltr'>roal</span> <span class='ocrx_word' id='word_1_208' title='bbox 621 2973 881 3044; x_wconf 82' lang='lat' dir='ltr'>carthaginensibus</span> <span class='ocrx_word' id='word_1_209' title='bbox 899 2973 935 3027; x_wconf 92' lang='lat' dir='ltr'><strong><em>H</em></strong></span> <span class='ocrx_word' id='word_1_210' title='bbox 952 2976 956 3040; x_wconf 91' lang='grc' dir='ltr'>Ι</span> <span class='ocrx_word' id='word_1_211' title='bbox 981 2979 1014 3027; x_wconf 87' lang='grc'>10</span> <span class='ocrx_word' id='word_1_212' title='bbox 1032 2973 1093 3027; x_wconf 92' lang='lat' dir='ltr'>fini-</span> 
     </span>
     <span class='ocr_line' id='line_1_31' title="bbox 78 3041 1071 3114; baseline 0.001 -18"><span class='ocrx_word' id='word_1_213' title='bbox 78 3044 129 3098; x_wconf 87' lang='lat' dir='ltr'>bus</span> <span class='ocrx_word' id='word_1_214' title='bbox 147 3045 167 3098; x_wconf 84' lang='lat' dir='ltr'>d</span> <span class='ocrx_word' id='word_1_215' title='bbox 183 3043 327 3098; x_wconf 83' lang='lat' dir='ltr'>funeribus</span> <span class='ocrx_word' id='word_1_216' title='bbox 346 3042 380 3096; x_wconf 88' lang='lat' dir='ltr'><strong><em>H</em></strong></span> <span class='ocrx_word' id='word_1_217' title='bbox 385 3043 412 3096; x_wconf 95' lang='lat' dir='ltr'><strong><em>P</em></strong></span> <span class='ocrx_word' id='word_1_218' title='bbox 426 3042 431 3114; x_wconf 82' lang='grc' dir='ltr'>Ι</span> <span class='ocrx_word' id='word_1_219' title='bbox 456 3049 487 3097; x_wconf 96' lang='grc'>11</span> <span class='ocrx_word' id='word_1_220' title='bbox 506 3041 537 3098; x_wconf 92' lang='lat' dir='ltr'>in</span> <span class='ocrx_word' id='word_1_221' title='bbox 555 3043 673 3099; x_wconf 85' lang='lat' dir='ltr'>hostiles</span> <span class='ocrx_word' id='word_1_222' title='bbox 692 3044 865 3100; x_wconf 77' lang='lat' dir='ltr'>Freiushcim</span> <span class='ocrx_word' id='word_1_223' title='bbox 882 3043 986 3098; x_wconf 90' lang='lat' dir='ltr'>hostile</span> <span class='ocrx_word' id='word_1_224' title='bbox 1005 3044 1041 3098; x_wconf 91' lang='lat' dir='ltr'><strong><em>H</em></strong></span> <span class='ocrx_word' id='word_1_225' title='bbox 1043 3044 1071 3097; x_wconf 94' lang='lat' dir='ltr'><strong><em>P</em></strong></span> 
     </span>
     <span class='ocr_line' id='line_1_32' title="bbox 80 3113 1069 3240; baseline 0.001 -73"><span class='ocrx_word' id='word_1_226' title='bbox 80 3120 112 3168; x_wconf 89' lang='grc'>13</span> <span class='ocrx_word' id='word_1_227' title='bbox 131 3113 323 3183; x_wconf 84' lang='lat' dir='ltr'>frequentibus</span> <span class='ocrx_word' id='word_1_228' title='bbox 341 3114 376 3168; x_wconf 89' lang='lat' dir='ltr'><strong><em>H</em></strong></span> <span class='ocrx_word' id='word_1_229' title='bbox 393 3118 398 3182; x_wconf 81' lang='grc' dir='ltr'>Ι</span> <span class='ocrx_word' id='word_1_230' title='bbox 423 3115 657 3240; x_wconf 52' lang='lat' dir='ltr'>uexarentffics.</span> <span class='ocrx_word' id='word_1_231' title='bbox 673 3117 763 3184; x_wconf 73' lang='lat' dir='ltr'>praef.</span> <span class='ocrx_word' id='word_1_232' title='bbox 782 3115 803 3187; x_wconf 84' lang='lat'><em>§</em></span> <span class='ocrx_word' id='word_1_233' title='bbox 821 3120 857 3170; x_wconf 75' lang='lat'>14</span> <span class='ocrx_word' id='word_1_234' title='bbox 881 3121 886 3181; x_wconf 81' lang='grc' dir='ltr'>Ι</span> <span class='ocrx_word' id='word_1_235' title='bbox 913 3121 946 3169; x_wconf 83' lang='grc'>14</span> <span class='ocrx_word' id='word_1_236' title='bbox 965 3131 1021 3183; x_wconf 90' lang='lat' dir='ltr'>qua</span> <span class='ocrx_word' id='word_1_237' title='bbox 1041 3115 1069 3168; x_wconf 94' lang='lat' dir='ltr'><strong><em>P</em></strong></span> 
     </span>
     <span class='ocr_line' id='line_1_33' title="bbox 78 3185 1091 3255; baseline 0 -15"><span class='ocrx_word' id='word_1_238' title='bbox 78 3185 293 3255; x_wconf 87' lang='lat' dir='ltr'>peloponessum</span> <span class='ocrx_word' id='word_1_239' title='bbox 310 3185 358 3245; x_wconf 90' lang='grc' dir='ltr'>ΡΙ</span> <span class='ocrx_word' id='word_1_240' title='bbox 375 3185 544 3240; x_wconf 80' lang='lat' dir='ltr'>infestarent</span> <span class='ocrx_word' id='word_1_241' title='bbox 618 3227 628 3254; x_wconf 86' lang='lat'>,</span> <span class='ocrx_word' id='word_1_242' title='bbox 647 3202 716 3242; x_wconf 84' lang='lat' dir='ltr'>corr.</span> <span class='ocrx_word' id='word_1_243' title='bbox 735 3189 794 3244; x_wconf 79' lang='lat' dir='ltr'>edd.</span> <span class='ocrx_word' id='word_1_244' title='bbox 812 3190 817 3255; x_wconf 86' lang='grc' dir='ltr'>Ι</span> <span class='ocrx_word' id='word_1_245' title='bbox 839 3187 1037 3254; x_wconf 85' lang='lat' dir='ltr'>consecutique</span> <span class='ocrx_word' id='word_1_246' title='bbox 1052 3186 1091 3252; x_wconf 88' lang='lat' dir='ltr'>H,</span> 
     </span>
     <span class='ocr_line' id='line_1_34' title="bbox 78 3255 1092 3328; baseline 0 -18"><span class='ocrx_word' id='word_1_247' title='bbox 78 3256 125 3310; x_wconf 81' lang='lat' dir='ltr'>sed</span> <span class='ocrx_word' id='word_1_248' title='bbox 143 3272 196 3324; x_wconf 89' lang='lat' dir='ltr'>que</span> <span class='ocrx_word' id='word_1_249' title='bbox 215 3259 369 3326; x_wconf 68' lang='lat' dir='ltr'>superarat</span> <span class='ocrx_word' id='word_1_250' title='bbox 396 3262 428 3310; x_wconf 84' lang='grc'>16</span> <span class='ocrx_word' id='word_1_251' title='bbox 448 3255 604 3328; x_wconf 76' lang='lat' dir='ltr'>deoaelialll</span> <span class='ocrx_word' id='word_1_252' title='bbox 619 3259 690 3324; x_wconf 80' lang='lat' dir='ltr'>(aaa</span> <span class='ocrx_word' id='word_1_253' title='bbox 709 3259 761 3313; x_wconf 77' lang='lat' dir='ltr'>litt.</span> <span class='ocrx_word' id='word_1_254' title='bbox 780 3261 872 3325; x_wconf 66' lang='lat' dir='ltr'>aoso)</span> <span class='ocrx_word' id='word_1_255' title='bbox 891 3257 944 3326; x_wconf 89' lang='grc' dir='ltr'>ΗΙ</span> <span class='ocrx_word' id='word_1_256' title='bbox 967 3263 1001 3313; x_wconf 79' lang='lat'>20</span> <span class='ocrx_word' id='word_1_257' title='bbox 1020 3256 1092 3311; x_wconf 86' lang='lat' dir='ltr'>mili-</span> 
     </span>
     <span class='ocr_line' id='line_1_35' title="bbox 78 3324 388 3396; baseline 0.006 -18"><span class='ocrx_word' id='word_1_258' title='bbox 78 3324 154 3380; x_wconf 84' lang='lat' dir='ltr'>tibus</span> <span class='ocrx_word' id='word_1_259' title='bbox 172 3327 243 3396; x_wconf 89' lang='lat' dir='ltr'>HP,</span> <span class='ocrx_word' id='word_1_260' title='bbox 262 3344 310 3382; x_wconf 73' lang='lat' dir='ltr'>on.</span> <span class='ocrx_word' id='word_1_261' title='bbox 329 3326 388 3382; x_wconf 82' lang='lat' dir='ltr'>Ser.</span> 
     </span>
    </p>

    <p class='ocr_par' dir='ltr' id='par_1_11' title="bbox 77 3396 1096 3541">
     <span class='ocr_line' id='line_1_36' title="bbox 150 3396 1096 3472; baseline -0.001 -21"><span class='ocrx_word' id='word_1_262' title='bbox 150 3402 184 3452; x_wconf 78' lang='lat' dir='ltr'>ab</span> <span class='ocrx_word' id='word_1_263' title='bbox 203 3396 312 3454; x_wconf 85' lang='lat' dir='ltr'>insessa</span> <span class='ocrx_word' id='word_1_264' title='bbox 332 3397 418 3466; x_wconf 77' lang='lat' dir='ltr'>Oud.;</span> <span class='ocrx_word' id='word_1_265' title='bbox 440 3397 477 3464; x_wconf 80' lang='lat' dir='ltr'>cf.</span> <span class='ocrx_word' id='word_1_266' title='bbox 496 3400 572 3464; x_wconf 87' lang='lat'>3,13</span> <span class='ocrx_word' id='word_1_267' title='bbox 597 3400 601 3468; x_wconf 90' lang='grc'>1</span> <span class='ocrx_word' id='word_1_268' title='bbox 626 3403 661 3454; x_wconf 79' lang='grc'>26</span> <span class='ocrx_word' id='word_1_269' title='bbox 680 3399 796 3472; x_wconf 88' lang='lat' dir='ltr'>Paulus]</span> <span class='ocrx_word' id='word_1_270' title='bbox 816 3400 910 3470; x_wconf 90' lang='lat' dir='ltr'>Papus</span> <span class='ocrx_word' id='word_1_271' title='bbox 930 3400 1032 3464; x_wconf 55' lang='lat' dir='ltr'>renta-</span> <span class='ocrx_word' id='word_1_272' title='bbox 1056 3401 1096 3462; x_wconf 69' lang='lat' dir='ltr'>cf.</span> 
     </span>
     <span class='ocr_line' id='line_1_37' title="bbox 77 3467 523 3541; baseline 0.002 -20"><span class='ocrx_word' id='word_1_273' title='bbox 77 3467 166 3536; x_wconf 75' lang='lat' dir='ltr'>praes.</span> <span class='ocrx_word' id='word_1_274' title='bbox 185 3467 253 3540; x_wconf 79' lang='lat'>§11</span> <span class='ocrx_word' id='word_1_275' title='bbox 275 3472 280 3541; x_wconf 80' lang='grc' dir='ltr'>Ι</span> <span class='ocrx_word' id='word_1_276' title='bbox 300 3475 334 3524; x_wconf 79' lang='grc'>27</span> <span class='ocrx_word' id='word_1_277' title='bbox 353 3467 457 3524; x_wconf 87' lang='lat' dir='ltr'>rentini</span> <span class='ocrx_word' id='word_1_278' title='bbox 477 3468 523 3522; x_wconf 84' lang='lat' dir='ltr'>H¹</span> 
     </span>
    </p>
   </div>
   <div class='ocr_carea' id='block_1_7' title="bbox 0 0 1238 3832">
    <p class='ocr_par' dir='ltr' id='par_1_12' title="bbox 0 0 1238 3832">
     <span class='ocr_line' id='line_1_38' title="bbox 0 0 1238 3832; baseline 0 0"><span class='ocrx_word' id='word_1_279' title='bbox 0 0 1238 3832; x_wconf 95' lang='lat' dir='ltr'> </span> 
     </span>
    </p>
   </div>
  </div>
 </body>
</html>
