2468 3832
416 133 527 188 LIBER
544 134 578 187 II.
607 131 685 189 cAP.
705 139 781 187 1-2.

262 345 297 401 H.
325 344 374 398 Dc
394 343 487 400 Loco
505 345 555 399 AD
574 343 731 400 PUGNAM
748 343 943 401 ELIGENDO.

165 475 193 538 1.
216 471 268 537 Μ’.
284 471 409 555 Ourius,
429 473 505 556 quia
520 464 679 557 ¹phalangi
698 471 785 557 regis
804 470 922 554 Pyrrhi
941 471 1112 556 explicitae

34 575 37 579 “
95 561 205 627 resisti
224 582 291 625 non
312 582 409 646 posse
429 560 723 644 animaduertebat,
746 559 834 625 dedit
854 581 1000 645 operam,
1021 562 1112 626 utin
1172 587 1174 591 ’

97 649 258 735 angustiis
287 649 489 734 confligeret,
517 649 574 714 ubi
602 648 750 714 conferta
773 648 933 734 sibiipsa
956 652 1042 713 esset
1065 650 1112 713 in·

94 739 292 824 pedimento.
1130 753 1146 802 5

163 828 193 892 2.
218 824 275 891 On.
289 825 462 910 Pompeius
480 826 516 890 in
530 824 736 910 Cappadocia
755 826 856 910 elegit
869 826 985 891 castris
1004 825 1112 891 locum

94 916 231 981 editum:
255 915 338 980 unde
362 914 536 980 adiuuante
559 914 698 999 procliui
720 914 876 998 impetum
900 915 1044 980 militum
1066 913 1112 978 fa·
1223 962 1226 969 ,

94 1005 155 1070 cile
178 1004 250 1088 ipso
274 1004 410 1068 decursu
432 1001 659 1067 Mithridatem
683 1003 859 1086 superauit.

162 1094 193 1158 3.
216 1090 251 1157 O.
265 1089 388 1157 Caesar
406 1091 561 1156 aduersus
575 1090 777 1157 Pharnacem
790 1090 991 1156 Mithridatis
1007 1091 1112 1156 filium

95 1181 308 1246 dimicaturus
331 1180 366 1243 in
389 1179 472 1245 colle
494 1179 650 1244 instruxit
673 1179 789 1264 aciem3
814 1200 966 1263 quaeres
986 1180 1112 1264 expedi·
1132 1197 1165 1246 10

94 1273 165 1335 tam
188 1268 218 1332 ei
236 1268 408 1333 uictoriam
427 1268 520 1333 fecit:
542 1289 620 1333 nam
637 1269 707 1353 pila
725 1289 764 1333 ex
784 1268 871 1333 edito
890 1268 925 1333 in
944 1268 1111 1333 subeuntis

94 1358 253 1423 barbaros
277 1357 397 1422 emissa
418 1357 568 1441 protinus
591 1378 646 1422 eos
671 1360 869 1422 auerterunt.

160 1446 191 1512 4.
219 1445 372 1511 Lucullus
396 1446 552 1511 aduersus
574 1445 800 1511 Mithridatem
824 1449 857 1511 et
879 1445 1055 1530 Tigranem
1078 1445 1112 1509 in

93 1535 250 1600 Armenia
264 1535 385 1600 maiore
400 1535 485 1619 apud
499 1535 767 1619 Tigranocertam
782 1535 1003 1618 dimicaturus,
1017 1534 1111 1600 collis

93 1624 234 1708 proximi
256 1624 391 1708 planum
413 1622 570 1687 uerticem
592 1624 713 1709 raptim
738 1627 923 1708 camparte
942 1624 1110 1707 copiarum
1130 1639 1164 1689 15

93 1713 244 1797 adeptus,
271 1711 306 1776 in
334 1711 497 1776 subiectos
525 1709 636 1776 hostes
667 1711 847 1776 decucurrit
874 1714 907 1776 et
931 1713 1111 1795 equitatum

94 1821 206 1865 eorum
226 1823 245 1865 a
263 1799 364 1865 latere
386 1799 521 1863 inuasit:
546 1820 759 1882 auersumque
783 1801 816 1862 et
839 1799 1014 1863 eorundem
1035 1820 1111 1883 pro-

92 1889 180 1953 tinus
194 1887 319 1972 pedites
332 1881 762 1971 proturbantem'insecutus
782 1885 996 1952 clarissimam
1010 1887 1111 1951 uicto·

94 1975 178 2040 riam
200 1974 322 2039 retulit.

161 2062 192 2128 5.
224 2061 395 2128 Ventidius
423 2063 578 2128 aduersus
605 2063 745 2128 Parthos
773 2085 841 2128 non
868 2067 944 2129 ante
972 2062 1111 2127 militem
1130 2081 1165 2130 20

94 2151 222 2236 eduxit,
259 2173 355 2235 quam
387 2151 437 2217 illi
470 2152 656 2238 quingentis
688 2174 754 2218 non
787 2152 928 2238 amplius
959 2152 1110 2236 passibus

93 2242 260 2325 abessent,
293 2243 390 2324 atque
420 2241 468 2305 ita
498 2243 708 2326 procursione
742 2243 852 2307 subita
884 2241 964 2308 adeo
994 2264 1027 2307 se
1055 2241 1110 2306 ad·

93 2330 211 2414 mouit,
246 2333 285 2395 ut
316 2329 474 2415 sagittas,
506 2331 624 2414 quibus
657 2352 696 2395 ex
728 2332 908 2416 longinquo
942 2352 1019 2395 usus
1051 2335 1110 2413 est,

92 2419 272 2484 cornminus
291 2418 464 2502 adplicitus
484 2419 642 2484 eluderet:
665 2440 729 2504 quo
748 2420 897 2503 oonsilio,
916 2419 993 2504 quia
1011 2440 1110 2502 quan·

92 2507 168 2573 dam
205 2507 305 2571 etiam
337 2505 473 2571 fiduciae
511 2509 651 2591 speciem
688 2510 926 2590 ostentauerat,
962 2506 1110 2571 celeriter
1129 2523 1163 2572 25

90 2595 250 2660 barbaros
275 2593 462 2658 debellauit.

160 2682 190 2747 6.
213 2680 380 2746 Hannibal
405 2681 490 2765 apud
513 2679 759 2746 Numistronem
783 2685 896 2748 eontra
919 2681 1109 2748 Marcellum

91 2774 299 2857 pugnaturus
323 2791 420 2835 cauas
445 2772 478 2834 et
500 2773 693 2855 praeruptas
717 2770 788 2836 uias
813 2771 932 2838 obiecit
955 2772 1109 2837 alatere:

163 2934 179 2982 2
199 2927 236 2982 M.
256 2927 327 2994 HP,
347 2942 416 2982 corr.
437 2926 507 2982 Oud.
525 2929 530 2995 Ι
551 2926 714 2998 phalangae
732 2929 782 3002 ΡΙ
802 2928 880 2999 pyrri
898 2930 927 2984 P
944 2932 949 2997 1
974 2934 990 2983 3
1009 2927 1109 2984 resiste
1219 2979 1223 2983 ,

91 2999 137 3054 H²
153 3005 157 3064 Ι
174 3004 191 3052 4
209 2998 339 3053 conserta
352 2999 372 3053 d
387 3001 392 3064 1
409 3003 423 3052 7
442 2998 569 3067 proclino
579 2998 625 3070 ΡΙ
641 3004 657 3054 8
672 3000 788 3055 decurso
803 3001 837 3054 H
849 3001 854 3069 Ι
869 2999 1072 3055 mithridanten
1089 2998 1113 3055 0

91 3069 274 3124 mithfidente
288 3069 324 3123 H
343 3073 407 3124 arce
423 3084 479 3124 rue.
501 3071 506 3138 Ι
529 3073 563 3124 10
581 3069 715 3124 instruxit
733 3102 767 3112 -
785 3087 829 3126 res
852 3087 903 3126 om.
922 3071 987 3141 H¹l
1009 3077 1041 3124 13
1055 3069 1109 3125 Lu·

91 3139 172 3196 culus
185 3140 221 3194 H
236 3145 300 3196 onte
313 3155 382 3196 corr.
399 3141 404 3208 Ι
420 3137 594 3196 mitridatem
608 3141 644 3195 H
658 3141 842 3199 mithridaten
856 3143 884 3197 P
897 3146 902 3210 Ι
917 3143 1048 3211 tigranen
1062 3142 1106 3214 Pl

92 3218 125 3267 1⁷
146 3211 350 3280 aduersumque
364 3210 416 3280 ΗΙ
436 3209 565 3280 protinus
584 3227 647 3268 uos.-
665 3213 700 3280 cf.
715 3231 746 3284 p.
765 3218 846 3280 42,9
864 3215 975 3283 partem
994 3213 1029 3267 H
1067 3229 1109 3268 ar-

91 3282 144 3337 um
158 3282 187 3336 P
201 3283 309 3365 pariter
322 3282 402 3338 Stew.
419 3286 424 3349 Ι
444 3281 596 3337 eorundem
610 3285 722 3352 partem
735 3284 864 3354 peditum
878 3285 938 3340 edd.
958 3231 1110 3338 earundem

92 3354 216 3422 partium
233 3353 343 3424 pedites
361 3358 557 3423 temptatorum
575 3359 658 3410 acme
676 3355 735 3411 coll.
750 3372 782 3425 p.
801 3360 848 3422 32,
861 3359 919 3421 191
941 3355 1109 3425 perturban-

91 3425 186 3479 temd
206 3427 210 3494 Ι
235 3430 270 3480 20
284 3425 380 3494 partos
394 3424 429 3479 H
446 3427 450 3492 Ι
475 3429 508 3478 21
529 3422 611 3479 duxit
623 3425 675 3494 ΗΙ
691 3425 862 3496 quingentos
880 3427 916 3481 H
931 3432 993 3482 ante
1011 3442 1081 3484 corr.
1101 3428 1104 3498 Ι

91 3499 128 3549 23
146 3510 212 3550 usus
232 3498 322 3565 aerior
339 3514 359 3550 u
376 3497 408 3550 iu
425 3511 481 3552 rae.
500 3497 620 3551 duarum
638 3496 694 3564 scre
713 3499 764 3552 tiu.
783 3499 813 3565 t)
832 3498 868 3552 H
