2468 3832
446 134 556 190 LIBER
573 134 609 190 11.
638 133 715 190 OAP.
736 139 760 189 b.
1065 133 1105 198 'll

90 302 188 368 sciret
210 297 540 370 Lacedaemoniorum
567 296 681 362 ducem
705 295 904 362 Anaxibium
928 298 1105 364 exercitum

89 391 232 476 pedestri
259 389 376 453 itinere
405 385 533 470 ducere,
561 384 785 450 firmissimam
808 408 940 451 manum
963 387 1105 452 militum

90 479 200 544 eduxit
219 499 236 542 e
255 477 394 541 nauibus
414 478 446 542 et
463 475 498 539 in
516 475 642 540 insidiis
661 474 857 558 conlocauit,
875 497 975 540 naues
995 481 1106 541 autem

89 566 180 633 omni
210 570 380 649 tamquam
411 568 545 631 onustas
578 564 683 628 milite
712 563 823 647 palam
857 564 1106 650 transnauigare

90 655 200 720 iussit:
225 656 272 720 ita
290 674 418 719 securos
438 657 472 720 et
489 652 570 717 nihil
590 656 812 736 exspectantes
831 652 1106 718 Lacedaemonios
1125 669 1143 719 o

90 766 111 809 a
132 748 225 829 tergo
248 743 414 828 ingressus
437 741 554 807 itinere
577 741 741 826 oppressit
761 742 917 827 fuditque.

157 833 209 898 43.
232 831 468 916 Liburnicum
487 830 610 896 uadosa
627 831 700 896 loca
714 830 925 915 obsedissent,
944 829 1106 916 capitibus

88 925 217 987 tantum
238 921 455 986 eminentibus
475 919 573 984 fidem
590 918 735 983 fecerunt
758 920 848 984 hosti
866 920 925 985 alti
948 918 1048 984 maris
1068 941 1106 984 ac

88 1011 269 1094 triremem,
300 1031 383 1093 quae
416 1029 472 1073 eos
501 1008 771 1092 persequebatur,
803 1009 992 1093 inplicatam
1021 1009 1106 1074 uado

89 1120 124 1164 ce
147 1103 251 1164 erunt.
327 1143 330 1147 >
1127 1113 1162 1164 10

125 1121 145 1182 p
177 1187 230 1251 44.
258 1185 445 1250 Alcibiades
470 1185 534 1249 dux
557 1183 808 1249 Atheniensium
831 1185 866 1249 in
888 1184 1105 1269 Hellesponto

90 1275 245 1340 aduersus
282 1272 467 1338 Mindarum
502 1271 832 1338 Lacedaemoniorum
869 1273 996 1356 ducem,
1034 1295 1107 1338 eum

91 1364 237 1447 amplum
261 1363 436 1427 exercitum
460 1371 492 1428 et
514 1362 622 1446 plures
646 1383 746 1426 naues
770 1362 918 1446 haberet,
941 1365 1036 1427 nocte
1055 1384 1108 1426 ex-

92 1453 209 1537 positis
237 1452 271 1516 in
298 1455 419 1516 terram
447 1450 641 1535 quibusdam
669 1450 810 1516 militum
839 1471 985 1535 suorum,
1012 1455 1107 1534 parte

89 1563 217 1626 quoque
239 1540 374 1605 nauium
396 1545 473 1625 post
496 1540 655 1624 quaedam
682 1541 907 1623 promunturia
935 1541 1106 1624 occultata,
1127 1554 1162 1604 15

89 1631 158 1714 ipse
173 1652 247 1695 cum
261 1629 375 1713 paucis
395 1628 558 1712 proiectus
578 1629 633 1709 ita,
650 1632 688 1692 ut
701 1632 889 1713 contemptu
908 1629 960 1693 sui
977 1630 1106 1694 hostem

87 1719 259 1801 incitaret,
287 1717 425 1783 eundem
452 1716 678 1800 insequentem
705 1717 804 1800 fugit,
832 1717 934 1781 donec
957 1718 992 1780 in
1014 1739 1107 1800 prae·

88 1811 222 1892 paratas
247 1805 384 1869 insidias
412 1804 614 1889 perduceret:
643 1825 793 1868 auersum
821 1803 937 1867 deinde
960 1810 993 1868 et
1017 1826 1108 1889 egre·

89 1895 233 1959 dientem
255 1894 290 1957 in
312 1896 435 1957 terram
458 1913 515 1976 per
535 1912 603 1974 eos,
626 1912 707 1976 quos
732 1892 773 1955 ad
795 1890 858 1956 hoo
881 1891 990 1976 ipsum
1011 1913 1106 1977 erpo·

88 1986 211 2066 suerat,
234 1980 357 2046 cecidit.
1124 1995 1160 2046 ao

157 2070 211 2136 45.
246 2068 349 2151 Idem,
377 2068 488 2134 nauali
515 2067 640 2152 proelio
670 2068 907 2153 decertaturus,
935 2069 1107 2134 constituit

90 2160 196 2224 malos
221 2158 377 2243 quosdam
400 2158 434 2223 in
456 2157 682 2242 promunturio
706 2159 934 2243 praecepitque
953 2157 1004 2223 his
1024 2181 1105 2244 quos

89 2247 136 2312 ibi
159 2248 377 2332 relinquebat,
399 2250 448 2330 ut,
477 2268 550 2312 cum
572 2247 780 2313 commissum
804 2249 964 2332 proelium
988 2248 1106 2313 sensis-

89 2341 175 2421 sent,
207 2336 385 2422 panderent
417 2336 504 2402 uela:
536 2358 599 2421 quo
631 2337 718 2402 facto
746 2341 939 2490 consecrffirs
972 2341 1036 2421 est,
1068 2341 1105 2402 ut

88 2426 201 2491 hostes
224 2426 322 2490 aliam
346 2425 485 2490 classem
507 2425 542 2489 in
565 2425 722 2490 auxilium
744 2425 774 2489 ei
792 2447 871 2509 supe
912 2426 999 2490 enire
1020 2425 1104 2490 arbi·
1123 2439 1158 2489 25

87 2515 167 2579 trati
190 2517 402 2580 uerterentur.

156 2602 209 2666 46.
237 2601 392 2666 Memnon
409 2595 556 2666 Rhodius
578 2602 689 2665 nauali
712 2601 850 2685 proelio,
873 2623 946 2666 cum
969 2601 1106 2666 haberet

90 2690 302 2755 ducentarum
324 2689 459 2755 nauium
482 2688 621 2754 classem
644 2692 677 2753 et
696 2689 841 2753 hostium
864 2710 966 2754 naues
991 2689 1105 2756 elicere

162 2862 428 2928 lanaxabiumdl
459 2862 524 2917 3in
547 2861 657 2918 insidiis
681 2863 700 2918 b
726 2862 836 2918 insidiis
855 2863 934 2918 H¹P
961 2868 965 2929 l
994 2865 1108 2920 4omni

92 2935 162 2991 Oud.
191 2934 316 2990 omnium
344 2934 408 2989 ΗΡ
430 2936 435 3003 Ι
459 2934 555 3004 palam
578 2950 628 2989 om.
648 2933 693 2987 H¹
716 2934 721 3004 Ι
751 2939 767 2988 5
790 2933 863 2988 nihil
881 2935 938 2990 tale
955 2935 1027 2990 Ded.
1046 2936 1106 2991 coll.

85 3011 258 3076 p.62,12.
278 3010 333 3074 67,
357 3011 375 3060 5
400 3010 405 3073 Ι
427 3005 601 3075 expectantie
620 3006 666 3076 ΡΙ
691 3005 875 3074 6adgressus
893 3005 923 3059 in
941 3005 1080 3061 itinered

91 3078 233 3132 'luadoso
252 3075 314 3132 loco
333 3077 367 3130 Η
380 3078 385 3145 Ι
405 3081 422 3131 8
440 3079 552 3131 tantum
568 3077 609 3144 H,
626 3077 673 3132 sed
690 3079 740 3131 tan
757 3078 789 3130 in
808 3092 861 3132 rae.
880 3077 899 3130 b
919 3076 923 3147 l
943 3075 1058 3131 fuerunt

88 3149 184 3203 ferunt
201 3150 270 3216 1119
290 3165 323 3202 ac
341 3146 486 3202 triremem
506 3147 540 3214 P,
560 3163 610 3202 orn.
631 3146 674 3202 Η1
693 3163 726 3202 ac
744 3146 857 3201 trierem
876 3148 913 3210 hl
931 3153 965 3201 14
982 3148 1012 3202 in
1029 3149 1108 3202 terra

89 3221 177 3285 lello
194 3219 420 3301 promontoriab
436 3222 441 3289 Ι
458 3218 611 3273 culataH¹
630 3217 722 3273 celata
740 3216 778 3287 b}
800 3224 833 3272 16
852 3221 1030 3287 contemptus
1048 3218 1104 3290 ΗΙ

91 3296 124 3345 17
142 3290 297 3345 incitarent
323 3290 358 3344 H
370 3292 375 3359 Ι
393 3295 425 3345 18
444 3289 594 3344 aduersum
614 3288 660 3362 ΡΙ
678 3295 710 3343 19
734 3305 804 3357 quos
828 3304 879 3343 om.
902 3289 938 3342 H
958 3290 963 3357 Ι
988 3295 1106 3360 22111-

90 3361 267 3416 montoriob
291 3362 295 3430 1
321 3360 449 3431 quaesibi
467 3366 521 3428 (pr.
542 3377 555 3413 s
573 3376 608 3414 ea
626 3364 653 3428 e)
674 3360 718 3413 H¹
742 3362 747 3430 1
778 3365 811 3414 23
830 3358 1041 3428 relinquebatur
1061 3365 1107 3430 (ur

90 3432 194 3556 eie-pb)
211 3449 275 3556 ffm
293 3432 327 3485 Η
346 3435 350 3502 1
381 3437 415 3486 26
434 3433 628 3487 reuerterentur
652 3431 747 3486 Wesee
776 3438 780 3499 Ι
810 3435 845 3485 27
863 3430 979 3486 hrodius
998 3432 1033 3486 H
1045 3434 1050 3501 Ι
1070 3438 1107 3488 28

89 3518 193 3571 argere
