2468 3832
166 125 207 191 18
366 124 441 180 IULI
459 124 637 179 uuonrml
656 123 981 182 STRATEGEMATON

165 290 234 355 acie
258 289 314 372 <in
337 288 435 352 armis
458 291 680 373 permanente,
702 289 801 354 tertia
824 292 933 354 autem
953 289 1042 373 acie>
1064 289 1188 358 furtim

165 400 184 442 a
206 381 300 464 tergo
325 377 365 442 ad
389 399 470 462 opus
498 376 673 461 adplicata,
701 377 883 462 quindecim
910 378 1028 462 pedum
1054 378 1187 445 fossam

164 466 253 550 fecit,
275 467 362 532 intra
384 488 483 550 quam
506 465 567 530 sub
591 486 741 531 occasum
764 466 842 530 solis
861 467 979 531 armati
1003 487 1037 531 se
1055 468 1186 535 milites

164 555 233 620 eius
256 558 452 639 receperunt

128 662 143 713 5
233 646 282 710 10.
305 643 447 710 Pericles
470 642 695 728 Atheniensis,
719 641 1022 727 aPeloponnensiis
1045 643 1079 709 in
1104 667 1185 712 eum

162 734 269 799 locum
299 732 498 818 compulsus,
526 730 581 815 qui
607 732 748 816 undique
776 732 922 815 abruptis
946 732 1070 798 cinctus
1095 733 1184 800 duos

161 825 290 887 tantum
314 821 419 886 exitus
442 819 598 903 habebat,
621 821 662 885 ab
682 821 785 885 altera
802 823 896 905 parte
919 820 1044 886 fossam
1062 821 1183 907 ingen·

161 911 205 975 tis
227 909 411 975 latitudinis
434 908 526 973 duxit
547 909 637 974 uelut
658 909 765 974 hostis
784 909 984 974 excludendi
998 931 1110 990 causa,
1136 913 1183 978 ab

162 999 266 1064 altera
284 999 422 1063 limitem
441 1018 537 1084 agere
556 998 671 1082 coepit,
690 1001 859 1082 tamquam
876 1020 935 1082 per
954 1020 1028 1064 eum
1046 1004 1183 1084 eruptu-

109 1106 142 1154 1o
161 1110 226 1152 rus.
270 1088 305 1151 hi
329 1087 383 1171 qui
406 1087 617 1169 obsidebant,
644 1107 717 1152 cum
740 1086 958 1172 perfossam,
981 1108 1078 1171 quarn
1102 1089 1180 1172 ipse

160 1176 295 1261 fecerat,
327 1175 502 1241 exercitum
529 1174 663 1240 Periclis
695 1196 761 1241 non
793 1175 961 1241 crederent
993 1197 1182 1262 euasurum,

160 1267 304 1332 uniuersi
328 1288 347 1330 a
369 1265 472 1329 limite
496 1263 706 1329 obstiterunt:
733 1262 889 1348 Pericles,
911 1265 1067 1348 pontibus
1091 1287 1180 1350 quos

159 1357 413 1439 praeparauerat
435 1353 541 1417 fossae
563 1352 705 1436 iniectis,
730 1373 805 1417 suos
826 1353 897 1437 quis
916 1375 982 1418 non
1002 1353 1180 1420 resisteba-

159 1448 212 1507 tur
235 1442 351 1506 emisit

107 1549 139 1597 15
229 1532 279 1595 11.
301 1528 530 1614 Lysimachus,
553 1550 593 1594 ex
611 1529 662 1592 his
681 1551 763 1593 unus
781 1529 815 1593 in
834 1552 914 1615 quos
934 1551 1011 1615 opes
1030 1527 1179 1596 Alexan·

159 1618 209 1682 dri
235 1619 450 1696 transierunt,
478 1638 551 1682 cum
580 1617 701 1683 editum
730 1618 846 1683 collem
872 1619 988 1683 castris
1015 1617 1179 1686 destinas·

160 1712 221 1792 set,
245 1706 453 1790 inprudentia
476 1709 585 1771 autem
605 1728 735 1771 suorum
754 1707 789 1771 in
807 1706 996 1773 inferiorem
1015 1705 1176 1774 deductus

158 1799 325 1862 ueneratur
356 1817 395 1860 ex
428 1796 592 1880 superiore
629 1795 774 1860 hostium
810 1797 988 1874 incursum,
1024 1796 1176 1879 triplices

156 1886 263 1952 fossas
286 1887 374 1951 intra
396 1885 520 1951 uallum
543 1885 675 1967 obiecit,
702 1884 816 1950 deinde
845 1884 1044 1968 simplicibus
1071 1884 1176 1951 fossis

105 1991 138 2041 20
157 1976 242 2041 circa
276 1975 384 2040 omnia
414 1974 558 2039 tentoria
585 1973 690 2038 ductis
718 1976 789 2037 tota
822 1977 930 2038 castra
963 1971 1109 2038 confodit
1139 1979 1176 2040 et

156 2065 355 2146 intersaepto
392 2062 537 2127 hostium
575 2061 677 2145 aditu,
715 2061 810 2125 simul
844 2062 944 2127 humo
978 2082 1105 2147 quoque
1140 2066 1176 2128 et

155 2151 324 2216 frondibus
349 2171 428 2234 quas
450 2149 548 2214 fossis
572 2150 788 2233 superiecerat
810 2149 1033 2234 <pate>facto,
1058 2149 1094 2213 in
1116 2171 1175 2217 su-

155 2239 283 2323 periora
306 2239 418 2303 euasit

225 2329 275 2393 12.
308 2326 342 2393 0.
365 2326 522 2391 Fonteius
547 2325 683 2392 Crassus
711 2327 746 2390 in
773 2325 935 2410 Hispania
963 2348 1036 2392 cum
1060 2326 1174 2394 tribus

102 2432 135 2483 25
155 2418 286 2481 milibus
304 2416 473 2481 hominum
491 2415 683 2500 praedatum
701 2415 865 2499 profectus
881 2415 1039 2500 <locoque
1056 2415 1173 2499 iniquo

155 2505 412 2588 circumuentus>
435 2505 476 2569 ab
499 2504 719 2588 Hasdrubale,
748 2504 788 2568 ad
815 2504 937 2588 primos
965 2507 1094 2569 tantum
1117 2526 1174 2570 or-

154 2595 244 2660 dines
272 2596 374 2660 relato
403 2593 551 2678 consilio,
584 2593 759 2678 incipiente
790 2597 899 2678 nocte,
927 2614 990 2677 quo
1020 2597 1173 2677 tempore

225 2739 240 2787 1
259 2735 290 2787 in
303 2765 338 2774 —
353 2734 412 2787 acie
430 2733 521 2802 suppl.
536 2732 638 2788 Hartcl
655 2749 688 2786 ecc
708 2731 782 2787 (locs.
797 2732 822 2786 b.
836 2748 857 2787 c.
872 2737 904 2798 1,
918 2735 954 2786 41
969 2732 1172 2800 praceuntibus

152 2805 258 2859 Sotelio
281 2809 306 2858 ct
330 2803 401 2859 Oud.
422 2806 426 2868 l
456 2809 472 2856 2
492 2803 560 2858 .XV.
580 2804 630 2870 ΡΙ
656 2807 671 2855 5
695 2803 782 2857 amite
804 2805 955 2871 exemplam
974 2805 1000 2870 3,
1014 2807 1042 2870 9,
1056 2807 1090 2867 9,·
1117 2803 1180 2872 boo·

152 2877 272 2931 alienam
286 2879 372 2944 putat
394 2874 582 2929 Wacbsmatb:
601 2874 636 2941 cf.
652 2873 743 2941 praefi
762 2872 783 2944 ἕ
800 2878 837 2928 10
859 2876 864 2943 l
887 2880 902 2928 7
921 2873 1075 2942 indigentis
1094 2872 1140 2926 H¹

152 2953 168 3002 8
182 2948 278 3002 hostes
293 2945 328 2999 H
341 2947 345 3014 Ι
368 2951 384 3000 9
399 2944 520 3000 militem
533 2945 606 3010 ΗΡ,
625 2961 672 2998 em.
689 2944 773 2998 Teon.
790 2946 795 3013 l
810 2944 968 3014 tamquam]
987 2947 1099 2998 tantum
1113 2944 1148 3010 H

151 3025 184 3073 13
204 3017 267 3088 quis
284 3018 320 3071 H
335 3033 391 3085 qua
409 3016 453 3081 ΡΙ
478 3022 510 3068 17
530 3017 625 3070 autem
642 3014 674 3068 Η
691 3031 823 3085 superare.
845 3020 850 3084 1
874 3015 904 3068 in
924 3032 974 3070 om.
993 3015 1028 3068 H
1040 3017 1044 3084 Ι
1070 3019 1105 3068 18
1123 3014 1169 3068 in-

150 3107 261 3144 cursum
280 3106 330 3144 om.
345 3088 381 3141 H
397 3090 401 3158 Ι
428 3092 460 3141 19
479 3085 653 3156 simplicibus
673 3103 723 3141 nos
741 3085 880 3141 similibus
898 3087 934 3140 H
956 3084 1122 3140 sublimibus
1140 3085 1173 3140 P

149 3161 302 3215 humilibus
321 3159 420 3223 aaut
446 3163 481 3212 20
500 3156 617 3212 confidit
634 3157 669 3210 H
693 3158 820 3212 confudit
837 3158 876 3225 P,
896 3175 943 3212 coe.
963 3158 1007 3227 dl
1033 3162 1066 3211 22
1085 3157 1169 3225 pate-

149 3231 224 3286 facto
243 3248 294 3286 aas
312 3228 444 3284 factaH¹
462 3228 599 3282 factotP
615 3229 691 3283 facto
708 3230 794 3298 ponte
809 3230 843 3296 d,·
861 3229 896 3294 cf.
912 3233 938 3295 1,
949 3232 1003 3297 5,5
1019 3230 1075 3297 124
1093 3227 1169 3282 ίὰοηι

149 3303 298 3370 exemplam
317 3305 343 3369 4,
359 3305 419 3368 5,s
443 3307 447 3367 l
473 3299 608 3354 fronteius
629 3298 681 3354 ΟΡ
709 3300 833 3355 ronteius
852 3300 898 3367 H,
921 3316 968 3353 em.
988 3300 1007 3354 d
1025 3315 1058 3353 ca
1077 3299 1094 3353 l.
1115 3299 1132 3354 l.
1160 3297 1165 3370 Ι

148 3371 178 3427 Τ.
198 3371 332 3427 Fonteius
350 3371 462 3441 legatus
487 3371 583 3438 (deleto
602 3369 714 3437 Crasso)
735 3370 805 3426 Oud.
825 3372 884 3424 coll.
899 3369 966 3425 Lice.
981 3374 1028 3436 25,
1043 3372 1080 3424 36
1101 3371 1105 3437 Ι
1130 3374 1166 3424 26

148 3445 201 3498 loc.
217 3474 250 3482 -
266 3442 331 3497 circ.
349 3443 439 3512 sappi.
456 3441 534 3498 Mod.
555 3459 588 3497 ca
606 3442 623 3496 l.
639 3444 655 3496 l.
673 3443 677 3514 Ι
694 3448 727 3496 26
747 3443 782 3496 ad
796 3441 1002 3496 Hasdrubalem
1019 3440 1096 3508 ΗΡ,
1115 3456 1165 3496 em.

148 3515 225 3571 Mod.
247 3515 251 3582 Ι
276 3515 307 3568 et
324 3514 360 3567 ad
379 3512 428 3581 ΡΙ
453 3511 579 3566 ordinem
599 3514 667 3581 H¹l
690 3519 724 3568 Ἡ
744 3511 862 3567 concilio
876 3513 951 3578 ΗΡ,
969 3512 1050 3567 cm.d
