2468 3832
157 132 200 197 22
262 108 265 112 ’
362 128 439 184 rum
456 127 636 183 snonrnu
654 110 976 183 srarrucsnmo'n

157 295 288 372 collem,
312 313 350 356 ex
373 313 436 377 quo
460 314 544 358 unus
568 292 608 357 ad
633 290 862 377 opprimendos
885 292 975 375 ipsos
999 291 1180 357 descensus

157 387 241 461 erat,
263 385 358 446 nocte
375 380 487 466 paucis
506 380 595 446 intra
613 385 721 446 castra
739 380 861 446 relictis
880 380 1069 465 imperauit,
1093 383 1180 446 mul-

157 477 209 538 tos
242 470 334 555 ignes
366 470 526 554 facerent,
563 469 741 554 eductoque
773 469 915 535 exercitu
948 471 981 532 et
1012 469 1179 554 disposito

157 562 242 626 eirca
268 560 373 625 latera
392 558 584 644 praedictae
611 558 684 623 uiae
712 579 828 643 passus
856 562 907 623 est
934 558 1073 623 transire
1101 558 1179 623 bar-

122 651 268 716 abaros:
298 649 507 732 locorumque
534 647 720 732 iniquitate,
747 647 869 731 inqua
897 648 966 731 ipse
989 646 1110 730 fuerat,
1141 648 1179 712 in

155 740 228 804 illos
262 758 430 818 conuersa,
462 740 556 822 parte
588 736 746 800 exercitus
779 739 872 821 terga
905 757 1015 801 eorum
1049 735 1179 822 cecidit,

154 831 247 912 parte
271 830 380 891 castra
402 826 497 909 cepit.

223 915 275 981 25.
298 913 430 993 Darius,
454 916 491 978 ut
513 912 644 979 falleret
662 911 799 999 Scythas
823 913 980 999 discessu,
1004 935 1098 979 canes
1125 919 1179 979 at·
1206 943 1210 950 ·

156 1026 216 1090 que
250 1003 358 1067 asinos
391 1003 426 1066 in
459 1003 576 1068 castris
608 1003 751 1088 reliquit:
788 1023 869 1086 quos
902 1024 975 1068 oum
1011 1003 1177 1069 latrantes

105 1110 138 1159 10
156 1093 371 1176 rudentesque
410 1091 515 1156 bostis
553 1091 693 1176 audiret,
733 1111 901 1157 remanere
931 1090 1066 1157 Darium
1105 1113 1177 1158 ore-

157 1181 248 1247 didit.

221 1271 275 1336 26.
297 1268 445 1336 Eundem
469 1290 611 1336 errorem
631 1269 789 1334 abiecturi
811 1270 934 1335 nostris
953 1268 1089 1354 Ligures
1112 1293 1177 1356 per

155 1361 284 1426 diuersa
310 1360 383 1423 loca
411 1359 547 1424 buculos
575 1358 700 1443 laqueis
725 1358 766 1422 ad
789 1359 921 1424 arbores
945 1358 1177 1444 alligauerunt,

155 1449 210 1533 qui
233 1446 355 1511 diducti
378 1447 597 1530 frequentiore
621 1447 748 1532 mugitu
773 1446 912 1531 speciem
935 1447 1176 1514 remanentium

104 1553 137 1602 15
155 1536 356 1621 praebebant
379 1533 531 1600 hostiurn.

222 1625 273 1689 27.
307 1623 439 1707 Hanno,
468 1626 509 1690 ab
533 1625 684 1690 hostibus
708 1625 851 1708 clausus,
874 1625 982 1689 locum
1005 1625 1175 1708 eruptioni

156 1713 296 1778 maxime
315 1716 428 1795 aptum
447 1713 589 1799 adgestis
608 1713 735 1778 leuibus
755 1713 900 1778 materiis
918 1713 1075 1778 incendit:
1099 1717 1174 1781 tum

154 1803 249 1868 hoste
278 1801 318 1866 ad
341 1805 465 1868 ceteros
494 1803 599 1868 exitus
627 1802 854 1868 custodiendos
884 1806 1021 1868 auocato
1048 1802 1173 1869 milites

153 1914 210 1977 per
246 1892 353 1977 ipsam
388 1892 554 1956 flammam
591 1891 714 1976 eduxit,
752 1890 936 1956 admonitos
969 1913 1027 1956 ora
1058 1891 1173 1977 scutis,

103 1997 251 2048 auctura
273 1985 364 2045 ueste
388 1985 566 2065 contegere.

222 2069 273 2134 28.
304 2067 485 2152 Hannibal,
512 2072 550 2132 ut
571 2068 779 2152 iniquitatem
801 2067 946 2134 locorum
971 2072 1003 2133 et
1025 2068 1174 2154 inopiam

155 2159 299 2222 instante
318 2155 420 2220 Fabio
439 2155 582 2222 Maximo
603 2157 771 2241 effugeret,
793 2160 892 2223 noctu
915 2158 1029 2243 boues,
1053 2158 1175 2242 quibus

156 2245 196 2310 ad
215 2267 336 2311 cornua
354 2243 528 2310 fasciculos
548 2245 745 2330 alligauerat
763 2250 1010 2330 sarmentorum,
1025 2245 1175 2314 subiecto

156 2336 232 2418 igne
261 2332 400 2416 dimisit3
430 2355 565 2419 cumque
594 2334 665 2418 ipso
694 2337 785 2400 motu
814 2335 1017 2400 adolescente
1039 2335 1176 2401 flamma

102 2441 136 2490 25
155 2423 340 2488 turbaretur
358 2443 465 2507 pecus,
483 2443 604 2507 magna
623 2423 857 2489 discursatione
877 2428 1013 2503 montes,
1036 2424 1072 2488 in
1089 2445 1175 2508 quos

155 2516 263 2578 actum
291 2515 373 2594 erat,
402 2512 627 2577 conlustrauit.
667 2511 821 2597 Romani,
849 2513 904 2597 qui
933 2513 974 2578 ad
1004 2512 1176 2596 speculan-

156 2600 232 2665 dum
252 2604 491 2686 concurrerant,
509 2602 615 2686 primo
633 2601 819 2686 prodigium
838 2601 963 2685 opinati
982 2605 1071 2685 sunt3
1096 2600 1175 2666 dein

155 2711 228 2755 cum
257 2694 345 2754 certa
367 2689 470 2755 Fabio
498 2691 754 2774 renuntiassent,
781 2690 838 2753 ille
865 2691 1059 2755 insidiarum
1082 2693 1176 2756 metu

156 2799 231 2843 suos
256 2779 372 2843 castris
400 2779 574 2844 continuit:
606 2780 740 2844 barbari
773 2778 951 2844 obsistente
979 2778 1068 2845 nullo
1096 2799 1175 2862 pro·

102 2887 137 2936 ao
154 2867 234 2933 fecti
257 2869 341 2932 sunt.

228 3067 242 3114 1
258 3062 389 3116 decessus
399 3060 444 3114 Ηι
459 3061 464 3129 Ι
480 3066 496 3113 2
511 3060 600 3115 multo
614 3059 703 3130 fignes
713 3058 757 3112 H¹
773 3061 778 3128 Ι
794 3065 812 3114 4
825 3061 970 3130 praedicta
979 3061 1015 3115 H
1018 3060 1053 3127 P,
1072 3060 1150 3115 etad

155 3137 172 3188 ὃ
190 3132 253 3202 ipsa
272 3133 306 3187 H
319 3135 323 3200 Ι
350 3138 365 3186 7
385 3131 460 3200 cepit
476 3131 565 3200 Caper
582 3128 651 3186 fecit
664 3131 700 3184 H
703 3129 750 3200 Pl
775 3135 791 3185 8
810 3132 917 3188 Dareus
931 3133 966 3201 P,
983 3133 1047 3187 item
1065 3129 1146 3197 infra

158 3209 191 3257 10
209 3204 299 3258 hostis
313 3202 354 3270 H,
371 3204 418 3258 sed
436 3202 446 3254 i
465 3203 497 3256 in
509 3218 564 3258 ras.
580 3203 597 3256 b
613 3207 618 3270 Ι
635 3206 668 3255 12
686 3202 816 3274 Ligures]
836 3202 941 3258 Silures
960 3204 1029 3258 Ded.
1047 3206 1051 3270 Ι
1070 3207 1102 3256 13
1121 3201 1173 3256 bu-

156 3274 235 3328 culos
252 3275 271 3328 d
288 3273 444 3329 bucabulos
454 3272 489 3327 H
491 3272 519 3326 P
534 3271 654 3326 bubalos
672 3273 733 3329 edd.
750 3277 754 3336 Ι
771 3279 806 3327 14
825 3274 938 3329 deducti
947 3275 983 3328 H
986 3275 1021 3340 P,
1039 3291 1087 3328 em.
1100 3271 1173 3328 aaa.

156 3344 232 3400 edito
247 3344 327 3401 Stew.
344 3348 348 3410 Ι
366 3350 399 3399 12
414 3361 478 3399 cum
492 3344 527 3398 H
529 3344 563 3410 P,
577 3360 624 3399 em.
640 3345 659 3398 d
674 3347 679 3412 Ι
696 3351 730 3399 24
743 3343 804 3414 ipse
819 3344 854 3399 H
866 3347 871 3414 Ι
887 3346 1065 3400 adulescente
1075 3343 1154 3398 H¹P
1166 3344 1170 3417 Ι

156 3421 190 3470 27
209 3413 310 3472 deinde
328 3418 348 3473 d
367 3419 371 3485 Ι
397 3420 431 3470 28
450 3415 499 3470 ille
518 3413 553 3470 de
571 3417 590 3470 d
610 3417 615 3484 Ι
638 3421 671 3471 29
690 3414 808 3484 proiecti
827 3416 863 3469 H
