2468 3832
416 130 526 187 LIBER
543 130 564 190 1.
593 128 671 189 OAP.
692 137 805 187 11-12.
1078 131 1120 197 35

103 295 307 362 Mithridatis
336 295 422 380 apud
448 293 630 378 Pirae<e>a
660 293 859 378 pigrioribus
888 294 928 359 ad
959 295 1121 380 proelium

104 385 265 451 militibus
293 384 460 467 utebatur,
488 404 585 466 opere
613 403 669 447 eos
697 382 865 467 fatigando
893 384 1052 468 compulit
1080 383 1121 449 ad

102 473 302 559 poscendum
323 472 410 537 ultro
433 492 563 556 pugnae
587 471 750 556 signum.v

170 563 222 627 21.
245 561 368 626 Fabius
380 559 544 626 Maximus
557 561 690 644 ueritus,
709 580 829 644 nequa
847 559 965 625 fidueia
978 561 1121 646 nauium,

104 650 145 715 ad
178 672 259 734 quas
288 649 451 735 refugium
484 651 568 733 erat,
600 649 707 715 minus
740 651 928 733 constanter
957 652 1154 733 pugnarets

104 740 271 823 exereitus,
286 738 416 804 ineendi
430 759 496 822 eas,
514 737 705 823 priusquam
718 736 819 802 iniret
832 737 1002 822 proelium,
1016 737 1119 803 iussit.

95 948 162 1008 XII.
181 947 230 1003 DE
249 945 504 1003 DISSOLVENDO
524 944 638 1014 METU,
657 945 763 1013 QUEM
781 945 1120 1019 M1L1uns<nx>rn

300 1034 430 1090 VERSIS
449 1032 706 1090 CONCEPERINT
726 1033 913 1091 OMINIBUS.

171 1183 198 1246 l.
223 1178 344 1265 Scipio,
368 1201 407 1244 ex
431 1178 530 1244 Italia
552 1178 588 1243 in
609 1177 757 1244 Africam
780 1182 1006 1264 transportato
1030 1201 1118 1244 exer-

101 1270 181 1351 citu,
210 1290 282 1333 eum
310 1267 476 1353 egrediens
504 1289 588 1333 naue
614 1267 788 1352 prolapsus
816 1271 903 1333 esset
930 1270 964 1332 et
991 1268 1033 1332 ob
1055 1267 1171 1334 hoe10

101 1357 261 1423 attonitos
290 1357 412 1422 milites
436 1359 593 1440 cerneret,
620 1356 654 1421 id
678 1356 765 1440 quod
789 1357 1040 1441 trepidationem
1064 1355 1118 1422 ad·

100 1446 240 1529 ferebat,
264 1445 449 1512 constantia
472 1449 505 1509 et
528 1445 752 1530 magnitudine
777 1446 878 1510 animi
900 1446 935 1509 in
958 1444 1118 1510 hortatio·

99 1557 172 1600 nem
197 1535 358 1650 conuertit
381 1539 415 1600 et
438 1532 627 1618 ‘plaudite',
648 1533 769 1619 inquit,
793 1533 945 1617 ‘milites,
969 1533 1117 1599 Africam

99 1645 254 1778 opphdsii.
266 1674 405 1794 Saeear,
429 1731 502 1775 eum
525 1710 610 1775 forte
629 1692 852 1775 conscendens
867 1732 985 1775 nauem
1003 1711 1116 1794 lapsus
1136 1724 1169 1775 15

98 1805 198 1885 esset,
222 1799 328 1865 ‘teneo
351 1803 399 1882 te,
421 1801 511 1863 terra
534 1796 661 1880 mater',
683 1798 805 1882 inquit:
836 1819 902 1882 qua
924 1799 1116 1880 interpreta-

97 1889 188 1955 tione
217 1889 336 1971 effeoit,
366 1891 404 1951 ut
426 1886 622 1969 repetiturus
650 1886 724 1950 illas
749 1908 769 1950 a
792 1886 911 1971 quibus
934 1885 1118 1968 proficisee·

98 1977 196 2041 batur
219 1981 323 2041 terras
345 1975 519 2039 uideretur.

166 2065 194 2128 3.
226 2063 263 2129 Τ.
287 2061 497 2148 Sempronius
521 2061 687 2128 Graoohus
713 2063 842 2147 oonsul,
871 2063 938 2128 soie
962 2063 1117 2129 aduersus

98 2152 249 2218 Picentes
273 2152 409 2237 directa,
438 2174 510 2217 eum
534 2150 662 2218 subitus
689 2155 796 2217 terrae
820 2154 928 2217 motus
956 2154 1114 2237 utrasque
1132 2169 1168 2219 20

96 2246 207 2326 partes
240 2240 449 2325 confudisset,
482 2241 706 2307 exhortatione
740 2241 948 2308 confirmauit
975 2264 1052 2308 suos
1082 2245 1116 2306 et

95 2331 229 2416 inpulit,
248 2334 493 2397 consternatum
512 2331 746 2415 superstitione
765 2330 957 2396 inuaderent
974 2330 1115 2409 hostem,

96 2419 292 2503 adortusque
315 2419 443 2484 deuieit

163 2510 193 2572 4.
219 2506 397 2590 Sertorius,
420 2527 493 2571 eum
518 2507 664 2591 equitum
685 2510 778 2571 scuta
798 2505 997 2571 extrinsecus
1018 2526 1114 2589 equo-

95 2617 231 2677 rumque
254 2599 390 2678 peetora
412 2597 547 2659 eruenta
570 2593 677 2659 subito
700 2594 850 2678 prodigio
875 2593 1113 2677 apparuissent,
1132 2608 1166 2658 25

95 2683 268 2748 uictoriam
299 2681 450 2766 portendi
482 2682 716 2766 interpretatus
750 2685 813 2765 est,
850 2681 1005 2765 quoniam
1038 2681 1114 2746 illae

96 2775 207 2856 partes
232 2771 374 2836 solerent
396 2770 512 2836 hostili
535 2790 646 2836 eruore
669 2771 824 2855 respergi.

167 2934 181 2981 1
202 2926 354 2982 mitridatis
368 2927 404 2981 H
407 2927 454 2994 ΡΙ
479 2925 597 2982 Piraeea
614 2925 684 2983 Oad.
707 2943 796 2997 pyrea
814 2927 878 2981 ΗΡ
899 2926 1009 2996 pireum
1028 2927 1061 2981 d:
1079 2926 1113 2994 os.

89 3017 120 3070 p.
142 3003 191 3066 52,
204 3000 264 3064 261
288 3003 306 3052 4
325 2998 392 3066 quia
410 2997 483 3065 ΗΡ,
500 3014 570 3054 corr.
589 2998 628 3069 dl
654 3003 670 3052 5
689 2999 814 3066 adaquas
833 2997 868 3051 H

167 3075 182 3124 t
201 3068 267 3141 XII]
288 3068 359 3124 xla
376 3070 409 3124 ire
421 3084 477 3124 ras.
494 3071 499 3138 Ι
516 3085 549 3124 ex
566 3070 657 3139 meppl.
672 3070 691 3124 d
709 3085 742 3123 ex
756 3085 787 3138 p.
802 3068 900 3139 &241
922 3066 1115 3122 8hominibus

93 3140 140 3211 ΡΙ
163 3147 196 3197 10
213 3140 313 3196 nauit
336 3156 437 3195 nauem
456 3140 514 3197 edd.
532 3142 537 3208 Ι
558 3146 590 3194 13
609 3139 737 3210 plaudite
754 3139 919 3196 Gulielmius
937 3137 1034 3193 audite
1050 3137 1117 3192 ΗΡ

94 3212 196 3267 audete
214 3213 259 3267 aet
276 3211 371 3266 uidete
391 3210 450 3267 Sor.
473 3211 595 3281 gaudete
616 3210 686 3266 Oad.
708 3210 713 3282 Ι
739 3209 861 3279 loquis
879 3208 950 3280 11¹1
974 3214 1007 3264 1⁷
1028 3208 1115 3263 effiait

94 3282 158 3351 H¹t
183 3281 270 3338 Italas
283 3282 380 3351 Beda!
404 3286 437 3336 18
455 3282 546 3337 terras
564 3281 611 3350 H,
629 3282 676 3337 sed
694 3298 707 3335 a
725 3283 758 3336 ire
774 3297 830 3336 rae.
849 3281 868 3335 h
888 3282 893 3348 Ι
918 3285 951 3335 19
971 3280 1114 3350 nemphro-

92 3353 156 3407 nius
175 3353 211 3407 H
232 3353 237 3423 Ι
266 3369 384 3423 graecus
404 3353 433 3407 P
455 3354 461 3421 Ι
489 3351 520 3408 P.
540 3351 720 3422 Sempronius
745 3350 855 3422 Sophus
876 3350 996 3423 Petatur
1029 3351 1114 3406 Grae·

95 3425 164 3478 ohne
183 3425 247 3479 eicit
266 3424 352 3481 Orod:
370 3424 405 3491 ef.
423 3424 511 3494 praes.
527 3422 592 3494 §11
608 3426 614 3493 Ι
633 3429 667 3478 21
686 3422 776 3493 partie
788 3423 817 3476 P
830 3422 836 3493 Ι
851 3427 886 3478 22
900 3422 1005 3492 inpulit
1018 3421 1111 3491 utPl

94 3500 128 3548 23
149 3494 319 3562 adortusque
334 3496 354 3550 d
381 3494 538 3550 adhortatis
552 3494 598 3548 Η1
619 3493 841 3564 adhortatusque
854 3493 908 3549 hP
921 3495 933 3560 l
948 3493 1024 3547 uiett
1039 3491 1082 3540 K*

930 3575 971 3627 *S*
