2468 3832
131 143 194 208 122
332 142 406 199 IULI
424 142 602 198 FRONTINI
623 141 946 198 STRATEGEMATON

128 307 225 372 iussit
243 311 284 389 et,
302 328 397 389 quem
417 307 555 371 occisuri
569 328 628 390 per
640 306 855 391 ignominiam
873 307 984 371 hostes
1002 307 1144 393 fuerent,

129 396 276 478 exemplo
299 396 407 478 potius
429 394 587 484 inpendit.

195 485 247 548 34.
281 484 408 569 Appius
436 479 590 549 Claudius
619 504 657 548 ex
684 483 754 568 his,
787 484 843 568 qui
869 484 941 548 loco
969 489 1146 569 cesserant,

57 602 61 616 =
129 572 287 638 decimum
320 594 477 656 quemque
509 571 646 636 militem
679 576 766 638 sorte
798 571 931 661 ductum
961 572 1042 637 fusti
1071 596 1145 657 per

93 663 238 728 5555515.

194 752 245 816 35.
277 749 397 814 Fabius
427 749 544 814 Rullus
577 750 688 814 consul
720 768 761 813 ex
792 749 916 815 duabus
947 749 1144 835 legionibus,

129 861 211 922 qnae
226 839 298 904 loco
314 842 487 923 cesserant,
510 842 596 903 sorte
619 839 733 907 ductos
751 838 786 902 in
805 842 979 922 conspectu
998 838 1141 904 1111115515

128 928 231 992 555511
253 927 420 1012 percussit.

195 1017 246 1081 36.
270 1016 422 1100 Aquilius
440 1019 550 1081 ternos
570 1037 608 1079 ex
627 1015 790 1093 centuriis,
814 1037 950 1099 quarum
974 1017 1074 1081 statio
1099 1018 1141 1082 ab

75 1121 108 1170 10
127 1105 222 1169 hoste
244 1108 401 1189 perrupta
424 1110 507 1189 erut,
530 1105 634 1170 securi
655 1103 822 1188 percussit.

194 1195 245 1258 37.
279 1192 322 1258 M.
341 1193 516 1278 Antonius,
538 1216 611 1258 cum
630 1213 731 1277 agger
753 1193 795 1256 ab
818 1192 968 1258 hostibus
991 1193 1143 1266 incensus

127 1285 221 1367 55555,
244 1282 368 1366 erbis,
391 1283 446 1366 qui
469 1282 619 1366 inopere
642 1281 778 1365 fucrant,
802 1281 936 1346 duarum
960 1282 1144 1348 cohortium

128 1372 266 1435 militem
294 1371 471 1436 decimauit
497 1374 530 1434 et
557 1372 592 1434 in
620 1370 767 1454 singulos
796 1391 834 1453 err
861 1370 912 1434 1115
937 1371 1144 1449 centuriones

128 1454 365 1543 animaduertit,
387 1459 534 1543 legatum
558 1480 631 1523 cum
650 1459 830 1542 ignominia
852 1459 987 1543 dimisit,
1009 1459 1144 1544 reliquis

76 1563 108 1611 15
125 1569 167 1611 ,ex
189 1548 318 1630 legione
341 1547 499 1611 hordeum
523 1547 594 1611 dari
616 1547 721 1611 155515.

73 1659 76 1666 ·
194 1637 246 1700 38.
269 1634 307 1699 In
325 1636 497 1720 legionem,
516 1657 598 1720 quae
612 1634 750 1720 Regium
767 1635 922 1720 oppidum
939 1634 1066 1701 iniussu
1082 1637 1142 1701 du-

127 1724 172 1789 cis
197 1724 436 1809 dir<ip>uerut,
465 1725 724 1811 animaduersum
752 1731 802 1789 555
828 1725 894 1809 ita,
922 1729 959 1789 ut
985 1728 1143 1809 quattuor

126 1814 217 1878 milia
243 1813 365 1878 tradita
392 1814 556 1879 custodiae
579 1799 786 1878 necarentur.
815 1818 985 1914 prseterec
1007 1819 1141 1879 senatus

126 1904 277 1968 consulto
240 1907 439 1969 tcautum
471 1907 538 1986 est,
568 1925 609 1966 55
642 1925 738 1986 quem
766 1924 805 1965 ex
837 1901 884 1966 eis
917 1902 1055 1986 sepelire
1085 1903 1139 1968 uel

73 2005 108 2055 uo
126 1990 237 2076 lugere
260 1992 309 2056 fas
333 1994 428 2056 essct.

192 2081 244 2145 39.
281 2079 317 2143 L.
342 2080 493 2164 Papirius
522 2077 641 2144 Cursor
673 2078 813 2144 dictator
841 2077 977 2144 Fabium
1006 2078 1141 2144 Rullum

126 2169 319 2251 magistrum
333 2170 487 2251 equitum,
502 2167 587 2250 quod
602 2168 775 2232 aduersum
789 2167 929 2232 edictum
944 2167 1012 2232 eius
1028 2190 1142 2252 quam·

126 2256 176 2319 uis
195 2278 347 2339 prospere
365 2259 576 2339 pugnauerat‚
599 2255 682 2339 (ad)
697 2256 809 2340 uirgas
827 2256 986 2341 poposcit,
1009 2278 1142 2322 caesum
1170 2306 1174 2314 .

127 2345 230 2408 securi
253 2366 476 2428 percussurus:
498 2366 557 2409 555
580 2344 781 2409 contentioni
805 2349 861 2409 aut
884 2345 1033 2429 precibus
1057 2345 1143 2411 mili-

73 2436 197 2497 555551
220 2434 380 2499 concessit
403 2432 716 2498 animaduersionem
744 2456 879 2517 eumque
901 2433 1142 2519 profugientem

125 2522 263 2587 Romam
292 2525 478 2607 persecutus
507 2525 569 2606 est,
600 2544 642 2586 ne
664 2522 710 2587 ibi
738 2523 867 2606 quidem
890 2523 1025 2588 remisso
1048 2523 1140 2607 prius

126 2612 279 2696 supplicii
301 2617 403 2696 metu,
431 2633 527 2694 quem
556 2611 595 2675 ad
624 2631 730 2694 genua
758 2613 826 2676 5155
857 2616 890 2675 55
913 2611 1035 2676 Fabius
1065 2634 1141 2677 cum

197 2809 214 2856 4
232 2802 354 2856 militum
368 2803 412 2858 H¹
428 2806 433 2871 Ι
454 2809 469 2858 7
488 2803 600 2858 5155555
618 2808 682 2858 anta
700 2805 774 2858 sorte
795 2803 865 2858 Oad.
883 2804 953 2858 mole
970 2804 1141 2858 1555551555

126 2873 170 2928 Io.
185 2873 291 2928 Sarcsb.
309 2875 409 2929 Polior.
425 2877 518 2940 6,12.·
537 2875 571 2940 cf.
586 2874 678 2943 praef.
697 2873 750 2946 §7
766 2877 803 2941 19
822 2873 987 2943 Aquilegius
1009 2873 1035 2928 G
1053 2872 1141 2943 Aqui·

125 2944 1117 3016 1155ΡΙ55515155111555155105ἯΡΙ11Μ.]Α.ΗῚΙ5ς51ΗῚ

127 3016 324 3071 1155551555
345 3017 370 3071 G
390 3018 395 3085 Ι
421 3023 453 3071 13
473 3017 595 3070 militum
613 3016 661 3070 Ηι
682 3017 686 3084 Ι
710 3022 743 3072 16
762 3015 870 3071 iniussn
889 3016 937 3070 ca
963 3015 1077 3070 15155515

17 3129 23 3135 .
125 3085 1000 3160 15555Ρ.·5Ι”.Ι555)5511Ι1751155155ΘΗΡ5550555554
1018 3086 1087 3143 .IIII.
1100 3092 1140 3145 m.

125 3158 172 3225 θΙ
193 3165 225 3212 19
245 3163 291 3213 555
293 3178 340 3212 um
356 3159 382 3213 G·
398 3160 402 3226 Ι
418 3157 531 3228 sepeliri
550 3158 597 3226 ΡΙ
618 3165 651 3212 21
671 3157 730 3213 dict
718 3161 840 3213 tutorem
859 3160 910 3226 ΗΙ
931 3159 1046 3212 Rullum
1066 3159 1139 3216 Oud.

124 3229 252 3284 rutilium
273 3231 338 3285 GH
357 3228 472 3285 rutilum
494 3229 522 3283 P
542 3228 704 3284 Rullianum
726 3229 795 3286 Iria
809 3236 837 3296 8,
851 3234 897 3285 29.
927 3230 988 3285 Vol.
1006 3232 1035 3296 2,
1050 3234 1078 3296 7,
1091 3235 1111 3286 8
1117 3230 1137 3314 Ι

125 3306 159 3354 22
179 3301 254 3356 edict
242 3304 303 3356 5551
317 3302 343 3356 G
362 3301 468 3356 dictum
482 3301 563 3369 ΗΡΙ
579 3305 613 3354 23
632 3301 710 3354 ud'
682 3318 777 3372 uirgas
796 3317 846 3356 uos
859 3302 953 3370 uirgas
969 3299 1079 3355 cH
1051 3301 1141 3384 uirgis

127 3371 178 3438 ΡΙ
203 3373 346 3441 poposcit,
371 3389 483 3428 caesum
501 3373 590 3426 securi
608 3372 728 3427 distinxi
750 3373 881 3455 poposcit
900 3387 1024 3440 caesum,
1048 3373 1141 3427 securi

124 3443 183 3496 cdd.
201 3444 206 3510 Ι
226 3449 259 3497 25
275 3460 392 3512 cumque
406 3445 441 3498 H
453 3446 465 3524 l·
478 3449 512 3497 26
530 3442 584 3496 sibi
598 3442 624 3496 G
640 3445 645 3511 Ι
660 3443 788 3498 remissio
803 3443 867 3497 ΗΡ
880 3447 885 3512 Ι
905 3459 955 3498 555
970 3442 1011 3497 ibi
1025 3442 1140 3512 quidem

114 3511 315 3568 remissionem
335 3513 467 3584 supplicii
485 3512 563 3584 prius
580 3514 685 3570 meruit
702 3531 788 3583 quam
805 3517 825 3571 d
