2468 3832
128 143 193 209 100
331 142 406 198 IUId
423 142 600 199 FRONTINI
619 141 940 200 STRATEGEMATON

129 306 247 390 quibus
266 306 441 371 simulacra
462 305 632 371 hominum
651 308 778 371 armata
795 305 916 371 Persici
938 306 1070 373 habitus
1092 308 1144 372 in·

129 399 301 479 posuerat,
332 399 494 479 noctuque
527 416 583 460 eos
610 395 715 460 monti
746 396 899 460 admouit.
944 398 1015 460 tum
1037 398 1144 481 prima

129 484 201 548 luce
225 505 263 548 ex
287 483 390 550 altera
413 486 505 568 parte
529 505 638 548 muros
662 482 835 568 adgressus
859 483 967 567 <cst>:
989 485 1047 549 ubi
1071 490 1143 551 orto

130 572 198 637 sole
223 574 396 638 simulacra
417 572 476 637 illa
499 576 699 637 armatorum
728 572 901 637 referentia
923 572 1072 637 habitum
1095 595 1145 638 re·

93 660 301 744 cfulserunt,
334 660 488 745 oppidani
518 664 647 744 captam
674 661 789 725 urbem
812 683 832 725 a
854 665 947 746 tergo
976 662 1143 728 credentes

129 753 162 813 et
189 750 231 815 ob
255 750 317 815 hoc
344 749 380 814 in
406 749 519 834 fugam
547 749 664 833 dilapsi
690 749 861 815 uictoriam
891 749 1041 815 hostibus
1070 773 1143 817 con·

86 856 88 859 ·
127 843 301 903 cesserunt.

171 1010 260 1066 vun.
289 1010 338 1065 nu
357 1011 583 1068 muurrrouu
601 1009 652 1066 nr
670 999 829 1068 nunnae
847 1010 969 1067 Plura
989 1013 1095 1080 ounn

471 1099 788 1158 uxsrncrlnnrun

77 1227 111 1278 10
199 1212 225 1274 1.
255 1208 365 1294 Scipio
388 1210 474 1294 apud
493 1208 728 1295 Carthaginem
752 1211 812 1276 sub
836 1210 1014 1276 discessum
1035 1215 1145 1277 aestus

130 1299 301 1382 maritimi,
329 1303 456 1364 secutus
484 1299 580 1364 deum
608 1302 646 1363 ut
669 1299 798 1364 dicebat
820 1297 945 1384 ducem,
969 1299 1010 1363 ad
1033 1322 1144 1365 muros

129 1389 223 1489 urbis·
243 1388 380 1489 accessit
402 1392 435 1453 et
458 1388 593 1453 cedente
612 1390 739 1472 stagno,
762 1409 826 1471 qua
848 1409 914 1453 non
938 1389 1145 1471 exspectaba-

129 1479 380 1630 lurldlmibblius
403 1562 564 1629 Maximus
588 1562 795 1630 Cunctatoris
818 1564 905 1629 lilius
928 1564 1014 1648 apud
1035 1562 1146 1649 Arpos

78 1669 112 1719 15
130 1653 291 1737 praesidio
311 1652 505 1718 Hannibalis
525 1654 717 1737 occupatos,
731 1652 936 1718 considerato
959 1652 1024 1718 situ
1046 1654 1147 1734 urbis,

131 1747 295 1808 sescentos
324 1741 446 1806 milites
470 1742 609 1808 obscura
631 1745 726 1807 nocte
749 1741 853 1824 misit,
883 1741 938 1825 qui
961 1762 1018 1824 per
1041 1743 1147 1806 muni·

130 1835 198 1896 tam
232 1853 333 1915 eoque
365 1831 472 1895 minus
504 1831 706 1915 frequentem
740 1830 852 1913 oppidi
889 1833 1016 1914 partem
1049 1831 1146 1897 scalis

131 1920 234 1984 euecti
262 1921 297 1985 in
325 1941 452 1984 murum
480 1923 593 2003 portas
620 1919 823 1983 reuellercut.
868 1918 904 1983 hi
932 1919 1034 1984 adiuti
1061 1919 1146 1984 deci·

119 2010 276 2073 'dentium
300 2030 458 2091 aquarum
477 2030 567 2092 sono,
590 2007 647 2092 qui
668 2006 776 2091 operis
800 2008 972 2091 strepitum
996 2008 1147 2074 obscura-

77 2113 112 2163 20
130 2097 206 2179 bat,
237 2098 327 2161 iussa
357 2100 530 2182 peragunt:
561 2096 631 2181 ipse
660 2095 737 2161 dato
765 2095 860 2181 signo
888 2097 930 2161 ab
959 2096 1024 2162 alia
1051 2100 1146 2180 parte

133 2185 304 2268 adgressus
329 2185 415 2267 cepit
438 2185 554 2268 Arpos.

199 2272 229 2337 3.
262 2273 297 2339 O.
320 2271 442 2337 Marius
465 2273 552 2338 bello
572 2272 766 2358 Iugurthino
790 2272 875 2357 apud
898 2272 1018 2338 flumen
1041 2272 1148 2340 Mulu-

132 2362 236 2444 cham,
250 2382 322 2426 cum
338 2365 542 2446 oppugnaret
560 2361 730 2426 castellum
743 2361 777 2426 in
796 2365 905 2426 monte
920 2382 1016 2426 saxeo
1037 2362 1147 2443 situm,

132 2450 220 2535 quod
252 2473 317 2514 una
344 2455 378 2515 et
408 2456 549 2535 angusta
576 2450 692 2515 semita
721 2449 888 2533 adibatur,
920 2453 1027 2514 cetera
1053 2455 1148 2533 parte

77 2555 112 2605 20
130 2540 223 2607 uelut
246 2541 394 2605 consulto
421 2539 610 2624 praecipiti,
639 2539 791 2603 nuntiato
820 2539 883 2603 sibi
912 2559 971 2622 per
992 2537 1148 2623 Ligurem

132 2629 293 2713 quendam
309 2651 348 2693 ex
368 2629 497 2693 auxiliis
517 2628 683 2714 gregalem
701 2627 848 2711 militem,
870 2627 926 2711 qui
945 2627 1032 2691 forte
1051 2649 1149 2710 aqua·

131 2722 202 2782 tum
229 2738 436 2802 progressus,
467 2717 543 2782 dum
570 2738 628 2800 per
655 2738 735 2782 saxa
762 2715 883 2781 montis
906 2717 1032 2781 cocleas
1056 2716 1147 2800 legit,

132 2805 172 2871 ad
197 2828 323 2870 summa
345 2810 554 2891 peruenerat,
578 2804 666 2890 erepi
688 2825 784 2888 posse
807 2804 842 2868 in
865 2804 1045 2884 castellum,
1068 2826 1149 2888 pau-

131 2917 186 2960 cos
225 2895 427 2960 centuriones
464 2915 537 2958 cum
566 2893 780 2958 uelocissimis
816 2892 993 2976 militibus,
1031 2894 1149 2977 quibus

203 3093 219 3142 2
240 3104 286 3142 eas
305 3087 349 3155 ΡΙ
375 3092 391 3138 3
410 3087 453 3140 est
470 3086 535 3141 cdd.
555 3085 594 3149 dl
620 3090 636 3138 9
655 3083 865 3152 expectabimur
885 3085 913 3139 P
935 3084 1112 3155 expectabiffi
1130 3085 1149 3140 lt

133 3157 289 3228 expectabat
303 3157 347 3212 H¹
362 3157 562 3227 expectabatur
575 3154 599 3210 0
611 3159 616 3224 Ι
634 3159 667 3210 10
681 3154 833 3210 discessum
848 3156 883 3209 Η
883 3156 912 3210 Ρ
928 3156 1072 3213 decessum
1086 3172 1149 3211 con-

132 3231 186 3284 icio
202 3234 206 3297 1
229 3235 262 3283 16
282 3231 428 3283 sexcentos
445 3228 513 3295 ῙιΡΙ
530 3233 563 3282 10
583 3243 651 3283 sono
670 3243 720 3282 cm.
734 3226 797 3293 H¹l
819 3233 855 3282 20
873 3228 909 3282 ab
929 3244 963 3283 aa
981 3229 1060 3296 parte
1078 3225 1149 3282 Orod.

133 3301 192 3355 coll.
206 3300 273 3355 Liu.
288 3304 396 3368 24,46:
414 3299 462 3354 scd
479 3300 513 3364 cf.
529 3299 620 3368 praes.
635 3297 701 3369 §11
719 3301 723 3363 Ι
739 3303 773 3353 22
792 3298 972 3354 muluccham
988 3300 1016 3352 P
1030 3303 1085 3367 122
1104 3315 1149 3353 oc·

133 3370 214 3424 cletis
233 3371 278 3435 ΡΙ
304 3376 338 3426 28
358 3370 429 3438 eripi
447 3369 517 3436 ΗΡ,
535 3387 583 3424 ern.
602 3371 661 3426 cdd.
686 3370 692 3438 Ι
714 3375 747 3423 20
767 3368 945 3424 centuriones
964 3368 1066 3438 quibus
1085 3385 1149 3438 per-

132 3440 300 3496 fectissimos
331 3439 555 3512 (proiectissimis
579 3444 608 3509 (c
625 3457 659 3495 erc
677 3444 703 3508 r)
722 3439 768 3495 H¹
794 3439 1007 3510 perfectissimis
1024 3442 1054 3509 b)
1085 3456 1150 3495 cum

124 3510 316 3566 velocissimis
332 3512 473 3568 militibus
492 3514 657 3586 aeneatoras
674 3511 856 3566 inmiscuerat
874 3511 909 3565 H
912 3512 952 3580 P,
971 3513 1133 3582 transposui
