2468 3832
129 156 192 223 102
331 155 407 211 IULI
425 154 603 212 sacurem
621 154 947 212 STRATEGEMATON

128 321 275 387 sufficere
293 323 552 405 propugnatores
567 341 732 385 murorum
750 322 919 405 poterant:
935 320 974 384 ad
995 319 1028 383 id
1047 321 1148 400 latus,

127 433 148 474 a
175 428 238 493 quo
267 410 337 474 solo
361 430 396 473 se
418 409 573 493 temptari
595 409 769 492 putabant,
792 408 909 492 (cum)
933 409 1147 494 confluerent,

131 518 195 583 qua
217 520 284 563 non
309 497 537 579 obsidebatur,
560 518 670 561 muros
694 497 904 562 transcendit.

128 603 130 607 ·
194 589 223 651 7.
257 586 482 670 Thrasybulus
502 586 567 649 dux
586 584 797 665 Milesiorum,
820 591 858 650 ut
879 591 1012 670 portum
1035 584 1147 671 Sicyo·

91 688 107 742 5
126 676 253 740 nicrum
269 678 451 760 occuparet,
474 696 494 737 a
508 678 595 738 terra
614 674 751 739 subinde
770 674 950 758 oppidanos
970 675 1147 758 temptauit

127 770 161 829 ct
183 765 255 846 illc,
286 785 351 849 quo
375 763 633 848 lacessebantur,
662 764 828 829 conuersis
856 762 1007 828 hostibus
1040 764 1146 829 classe

126 851 394 938 in<ex>spectata
416 856 546 937 portum
569 853 663 938 cepit

194 944 223 1007 8.
256 941 427 1026 Philippus
451 941 485 1005 in
505 941 675 1006 obsidione
695 940 862 1005 cuiusdam
885 941 1068 1005 maritimae
1092 962 1146 1005 ur·

126 1031 178 1094 bis
201 1031 296 1095 binas
314 1052 414 1095 naues
433 1031 545 1114 procul
561 1034 769 1114 aconspcctu
783 1030 1011 1094 contabulauit
1033 1050 1146 1113 supcr-

74 1118 309 1203 destruxitque
337 1120 383 1184 eis
411 1123 531 1185 turres:
555 1118 627 1185 aliis
656 1118 771 1183 deinde
799 1119 944 1183 turribus
967 1118 1100 1183 adortus
1126 1141 1147 1182 a

126 1211 228 1292 terra,
266 1208 340 1272 dum
374 1209 464 1273 urhis
497 1210 756 1292 propugnatores
794 1206 974 1290 distringit,
1008 1207 1146 1272 turritas

126 1317 227 1362 naues
251 1319 271 1361 a
295 1297 377 1361 mari
402 1297 557 1379 adplicuit
581 1302 623 1378 et,
646 1314 712 1381 qua
734 1316 800 1361 non
822 1295 1046 1379 resistebatur,
1069 1297 1146 1360 sub·

127 1385 167 1449 iit
188 1404 307 1450 muros.

194 1474 223 1537 9.
256 1473 395 1536 Pericles
414 1471 726 1556 Peloponnesiorum
745 1473 913 1537 castellum
937 1476 1147 1556 oppugnatu-

74 1572 107 1628 15
126 1578 190 1643 rus,
213 1563 247 1625 in
266 1561 351 1644 quod
372 1560 435 1625 duc
451 1562 583 1627 omnino
603 1564 697 1625 crant
715 1582 873 1645 accessus,
897 1562 1035 1626 alterum
1054 1560 1147 1626 fossa

128 1650 325 1733 interclusit,
347 1650 486 1714 alterum
510 1651 636 1717 munire
660 1650 812 1715 instituit.
860 1650 1029 1716 castellani
1053 1671 1143 1715 secu-

127 1739 229 1804 riores
253 1740 294 1803 ab
319 1739 424 1804 altera
445 1743 538 1823 parte
560 1739 640 1805 facti
662 1760 734 1804 eam
758 1739 878 1823 solam,
901 1760 999 1824 quam
1023 1739 1145 1804 muniri

127 1829 291 1912 uidebant,
310 1827 473 1894 custodire
487 1831 673 1913 coeperunt:
692 1827 832 1893 Pericles
847 1829 1052 1913 praeparatis
1066 1849 1145 1912 pon·

126 1917 213 1982 tibus
246 1917 437 2004 iniectisquc
473 1939 570 2002 super
598 1917 736 2003 fossam,
766 1939 830 2002 qua
859 1937 926 1981 non
958 1918 1144 2001 canebatur,

74 2021 110 2070 au
128 2006 230 2070 subiit
254 2007 436 2071 castellum.

197 2095 247 2159 10.
276 2094 459 2159 Antiochus
479 2095 633 2159 aduersus
652 2094 814 2178 Ephesios
836 2093 984 2179 Rhodiis,
1005 2117 1086 2179 quos
1109 2094 1144 2159 in

129 2183 248 2246 auxilio
263 2182 416 2266 habebat,
434 2183 607 2266 praecepit,
625 2186 663 2247 ut
680 2188 775 2247 nocte
789 2188 920 2266 portum
935 2205 1008 2248 cum
1023 2203 1144 2268 magno

129 2271 267 2354 strepitu
286 2271 488 2335 inuaderent:
513 2270 664 2355 adquam
681 2275 809 2355 partem
828 2272 918 2337 omni
936 2271 1143 2337 multitudine

128 2379 202 2423 cum
238 2360 381 2424 tumultu
414 2360 615 2443 decurrente,
646 2360 777 2425 nudatis
809 2361 977 2426 defensore
1007 2360 1141 2443 reliquis

76 2463 110 2514 25
129 2448 373 2532 munitionibus,
396 2449 466 2534 ipse
486 2471 505 2513 a
524 2448 652 2513 diuerso
671 2450 842 2534 adgressus
861 2449 1024 2515 ciuitatem
1046 2448 1142 2530 cepit.

201 2678 361 2733 lsufficere
380 2679 409 2733 P
433 2678 542 2732 efficere
561 2670 594 2730 H
612 2679 616 2744 1
641 2679 865 2747 propugnatores
882 2677 902 2731 d
915 2675 1144 2801 ¹propugnationi

127 2748 244 2813 (ionica
257 2749 445 2816 ros.h)HP1
460 2745 746 2830 fortusse(sed>1ad
763 2754 955 2803 ucumccnu
956 2748 1064 2803 erentd
1078 2764 1144 2801 con·

127 2818 342 2961 lliliilohp-
341 2818 683 2961 uirtutibus}-
653 2888 699 2961 (ιι
713 2819 742 2873 a
758 2819 909 2944 duret
896 2817 1144 2971 >istiusce

127 2963 175 3015 tur
193 2962 228 3015 H
248 2967 311 3016 acte
329 2977 397 3017 corr
423 2964 428 3028 1
457 2961 686 3029 ‘linenspcctsts
704 2907 763 3016 aad
786 2961 946 3041 inspectata
964 2959 1060 3014 HP
1053 2975 1144 3029 inspe-

127 3050 159 3086 ra
161 3037 191 3086 ta
161 3035 223 3087 td
239 3033 244 3102 1
262 3039 294 3087 10
314 3032 354 3087 eis
369 3032 444 3087 Η
420 3050 479 3088 crus
495 3032 524 3085 P
537 3033 542 3100 Ι
560 3037 591 3086 11
612 3032 678 3085 dum
697 3030 774 3086 urbis
787 3048 838 3087 ccc
851 3030 981 3086 domibus
996 3031 1062 3086 ΗΡ
1077 3031 1144 3084 dum

127 3103 169 3158 ibi
187 3104 332 3159 Rubenius
350 3103 416 3157 dum
435 3103 493 3157 illis
510 3104 555 3158 acl
573 3103 639 3156 dnm
658 3103 804 3158 moenibus
824 3103 894 3158 Oud.
912 3106 916 3170 Ι
940 3103 1070 3172 distringi
1084 3102 1120 3157 H

129 3181 162 3229 12
181 3192 199 3229 a
216 3191 350 3244 suprascr
360 3174 396 3229 H
409 3177 412 3235 l
431 3180 464 3228 14
481 3175 569 3229 simile
586 3175 777 3241 armeraci,
789 3179 875 3241 5,10.·
894 3175 928 3242 cf.
945 3175 1035 3243 praef.
1042 3173 1071 3259 ,ἕ
1084 3179 1121 3228 10

127 3247 378 3316 peloponnesorum
387 3246 457 3313 HP,
476 3262 524 3300 em
536 3245 606 3301 Oad.
623 3248 628 3315 Ι
646 3249 678 3299 10
693 3215 902 3313 cutellu'mHl
924 3251 957 3299 1⁸1
972 3245 1080 3299 munire
1091 3245 1125 3299 H

129 3321 164 3370 24
183 3334 247 3371 cum
266 3334 317 3372 om.
335 3316 369 3371 H
382 3320 386 3385 Ι
403 3321 437 3371 25
456 3333 473 3370 a
492 3315 603 3370 diuerso
622 3318 681 3372 cdd.
701 3317 820 3372 aduerso
834 3316 899 3370 HP
