2468 3832
157 155 198 218 10
358 152 434 208 IULI
451 152 630 209 FRONTINI
649 150 969 208 STRATEGEMATON

154 318 267 402 iugum
290 316 331 380 ab
354 315 505 381 hostibus
527 320 645 381 natura
669 316 831 380 munitum
853 315 970 394 teneri,
999 316 1171 399 praemisit

155 405 390 489 sciscitaturos,
418 406 494 488 quid
522 406 570 469 rei
596 405 695 488 foret3
724 426 762 470 ac
788 404 1003 468 referentibus
1032 404 1078 468 eis
1101 426 1171 469 non

155 514 226 558 esse
249 515 370 572 uerum,
394 494 480 577 quod
504 494 700 577 opinaretur,
722 494 889 577 ingressus
913 492 986 577 iter,
1009 492 1064 556 ubi
1087 493 1171 557 uidit

156 604 194 646 ex
219 585 369 665 suspecto
392 583 469 667 iugo
493 603 647 667 magnam
670 581 736 645 uim
760 580 871 646 auium
899 580 996 645 simul
1023 582 1171 647 euolasse

120 687 135 736 5
154 692 258 754 neque
278 671 410 734 omnino
428 670 578 753 residere,
597 669 774 735 arbitratus
790 673 839 734 est
852 669 955 734 latere
968 669 1037 734 illic
1053 690 1172 754 agmen

154 758 313 824 hostium:
327 759 437 842 itaque
451 757 670 824 circumducto
686 758 828 823 exercitu
843 757 939 822 elusit
953 757 1171 824 insidiatores.

223 848 252 911 9.
280 846 470 911 Hasdrubal
497 846 598 912 frater
624 846 821 911 Hannibalis
849 846 997 912 iunctum
1023 845 1109 911 Liuii
1138 853 1172 912 et

155 933 296 1000 Neronis
316 935 506 1016 exercitum,
530 957 726 1020 quamquam
749 935 811 1000 hoc
834 934 884 998 illi
906 956 973 1000 non
996 935 1171 1019 duplicatis

157 1024 273 1087 castris
296 1023 553 1108 dissimularent,
581 1024 756 1107 intellexit,
784 1023 869 1107 quod
893 1023 934 1087 ab
957 1023 1073 1088 itinere
1098 1025 1172 1088 stri-

104 1127 136 1177 10
156 1112 301 1195 gosiores
324 1113 463 1177 notabat
482 1134 581 1198 equos
600 1116 633 1177 et
651 1113 847 1177 coloratiore
868 1111 1053 1195 hominum,
1076 1115 1112 1176 ut
1133 1134 1173 1177 ex

156 1200 224 1284 uia,
248 1222 392 1286 corpora.

316 1410 363 1464 III.
389 1408 438 1463 DE
457 1408 741 1465 CONSTITUENDO
760 1408 877 1464 STATU
895 1405 1009 1462 BELLI.

225 1555 254 1617 1.
272 1552 458 1619 Alexander
467 1553 611 1639 Macedo,
621 1576 693 1620 cum
702 1555 838 1619 haberet
847 1553 1073 1618 uehementem
1084 1574 1172 1618 exer·

157 1642 265 1726 citum,
280 1663 407 1726 semper
418 1664 491 1707 eum
501 1646 621 1708 statum
634 1644 713 1708 belli
722 1643 830 1728 elegit,
843 1645 881 1707 ut
893 1642 962 1706 acie
972 1643 1173 1727 confligeret.

105 1747 138 1795 15
224 1731 254 1796 2.
278 1729 312 1796 O.
329 1728 449 1797 Caesar
471 1731 557 1797 bello
577 1732 666 1796 ciuili
690 1753 762 1797 cum
780 1735 972 1796 ueteranum
996 1731 1172 1796 exercitum

156 1819 304 1902 haberet,
327 1819 472 1884 hostium
491 1825 600 1885 autem
618 1820 758 1886 tironem
777 1841 847 1885 csse
867 1819 979 1903 sciret,
1003 1820 1069 1884 acie
1089 1840 1174 1884 sem-

157 1929 214 1992 per
237 1907 400 1974 decertare
423 1908 557 1974 studuit

223 1997 253 2061 3.
281 1995 402 2062 Fabius
426 1995 589 2062 Maximus
614 1996 769 2062 aduersus
791 1996 1025 2079 Hannibalem,
1049 2017 1176 2061 succes·

156 2085 247 2150 sibus
270 2085 468 2167 proeliorum
491 2085 700 2169 insolentem,
723 2085 872 2150 recedere
890 2085 931 2150 ab
950 2084 1086 2168 ancipiti
1109 2083 1174 2149 dis·

103 2189 137 2236 2ο
157 2173 292 2238 crimine
315 2177 348 2237 et
370 2173 456 2237 tueri
478 2173 705 2239 tantummodo
724 2174 854 2239 Italiam
877 2173 1049 2239 constituit
1068 2170 1175 2238 Cunc-

157 2261 338 2345 tatorisque
361 2283 482 2326 nomen
505 2265 538 2326 et
559 2283 618 2347 per
641 2262 702 2327 hoc
725 2263 844 2327 summi
866 2262 957 2328 ducis
981 2261 1108 2326 meruit.

224 2351 255 2414 4.
286 2348 439 2434 Byzantii
471 2350 626 2415 aduersus
653 2349 841 2436 Philippum
869 2372 964 2416 omne
990 2348 1175 2434 proeliandi

158 2436 330 2503 discrimen
354 2440 529 2524 enitentes,
553 2440 673 2504 omissa
692 2439 790 2504 etiam
812 2439 927 2503 finium
945 2439 1062 2522 tutela,
1084 2437 1175 2503 intra

157 2526 354 2592 munitiones
378 2528 490 2611 oppidi
514 2550 548 2592 se
571 2532 762 2613 receperunt
785 2528 989 2611 adsecutique
1019 2529 1108 2611 sunt,
1136 2532 1176 2592 ut

105 2630 139 2679 25
159 2614 329 2701 Philippus
353 2616 565 2682 obsidionalis
589 2638 700 2682 morae
723 2617 888 2701 inpatiens
910 2616 1083 2681 recederet

224 2705 254 2768 5.
282 2704 469 2770 Hasdrubal
493 2704 648 2790 Gisgonis
671 2706 757 2770 filius
780 2705 920 2771 secundo
938 2705 1060 2769 Punico
1084 2704 1173 2770 bello

157 2791 192 2856 in
211 2791 373 2875 Hispania
395 2794 518 2858 uictum
541 2795 731 2878 exercitum,
754 2815 827 2859 cum
845 2793 881 2858 P.
897 2791 1005 2876 Scipio
1024 2792 1175 2878 instaret,

156 2902 216 2963 per
238 2882 333 2945 urbes
357 2881 480 2947 diuisit:
503 2882 549 2948 ita
572 2883 695 2947 factum
718 2886 781 2967 est,
804 2886 841 2946 ut
860 2879 984 2965 Scipio,
1007 2902 1048 2944 ne
1072 2902 1174 2965 oppu-

158 2969 312 3054 gnatione
331 2970 473 3053 plurium
493 2970 684 3055 oppidorum
703 2971 961 3057 distringeretur,
982 2969 1017 3033 in
1035 2969 1176 3034 hiberna

105 3073 139 3122 30
159 3080 234 3123 suos
258 3059 433 3123 reduceret.

230 3236 245 3284 5
265 3233 309 3286 est
326 3248 376 3286 om.
396 3231 430 3286 H
447 3235 451 3300 Ι
476 3237 492 3286 6
511 3231 608 3302 itaque
627 3233 667 3302 H,
685 3234 732 3288 sed
749 3234 792 3288 ita
810 3234 842 3287 in
859 3248 914 3288 ras.
934 3233 973 3302 bt
993 3229 1095 3288 clausit
1113 3230 1150 3284 H
1168 3232 1172 3303 t

160 3306 175 3355 7
193 3301 320 3355 iunctum
339 3303 418 3358 Stew.
445 3306 513 3358 tunc
532 3303 598 3357 ΗΡ

231 3377 264 3426 16
282 3373 402 3428 tironem
422 3406 455 3414 —
475 3373 584 3430 studuit
601 3390 652 3430 om.
671 3374 715 3428 Η1
736 3376 741 3444 t
767 3379 800 3428 18
819 3374 927 3429 maxine
946 3374 991 3428 H¹
1014 3378 1018 3443 Ι
1043 3378 1077 3427 22
1098 3371 1176 3427 omni

157 3461 184 3513 p.
200 3442 359 3499 discrimine
374 3445 499 3501 uitantes
512 3445 547 3499 H
549 3446 582 3512 P,
601 3463 648 3500 em.
664 3446 722 3501 edd.
740 3445 745 3517 Ι
761 3451 796 3499 24
815 3463 845 3501 se
860 3446 893 3499 H
907 3461 1040 3514 repensor.
1057 3448 1111 3509 125
1127 3458 1175 3498 ro·

158 3529 221 3568 mae
235 3514 287 3585 H}
303 3520 337 3569 27
356 3515 400 3587 Ρ.]
420 3515 468 3589 pfl!
486 3520 551 3586 (tres
568 3517 625 3584 fere
644 3517 696 3573 litt.
716 3533 809 3572 erasae
827 3522 904 3581 sunt)
917 3516 963 3570 H*
985 3518 1041 3587 pt
1062 3531 1131 3585 prae
1147 3513 1178 3569 P
