2468 3832
429 130 542 187 LIBER
558 131 581 187 1.
607 131 687 188 CAP.
707 137 785 188 6-8.
1072 131 1116 197 25

169 297 199 361 6.
223 293 380 381 Spartaco
400 294 565 379 copiisque
584 295 662 360 eius⁴
673 299 766 360 senta
784 316 823 359 ex
841 295 962 360 uimine
975 293 1116 381 fuerunt,

101 406 184 471 quae
207 384 304 450 coriis
327 384 532 469 tegebantur.

170 475 214 554 [7.
236 473 313 539 Non
332 473 470 550 alienus,
488 473 526 536 ut
544 472 695 550 arbitror,
711 471 765 536 hie
784 472 875 537 loeus
894 477 944 536 est
957 472 1116 539 referendi

102 561 227 627 factum
250 561 428 626 Alexandri
449 559 636 626 Macedonis
658 560 740 625 illud
762 561 887 644 nobile,
911 561 967 645 qui
988 583 1047 644 per
1066 562 1116 627 de·

102 656 191 715 serta
213 649 345 715 Africae
367 649 484 715 itinera
506 650 701 735 grauissima
724 649 780 715 siti
803 672 877 715 oum
899 650 1041 716 exercitu
1064 650 1151 716 ado

102 739 205 805 festus
229 739 375 805 oblatam
398 739 461 804 sibi
484 761 504 803 a
526 739 630 804 milite
652 740 688 803 in
712 739 806 824 galea
829 760 947 823 aquam
970 742 1116 823 spectan-

101 828 190 894 tibus
218 827 379 893 uniuersis
407 827 534 912 effudit,
560 827 675 893 utilior
702 828 849 912 exemplo
873 828 1118 912 temperantiae,

102 939 199 1002 quam
222 918 250 982 si
274 917 513 983 communicare
536 916 721 1001 potuisset]

280 1125 357 1180 VIII.
383 1123 432 1179 DII
450 1123 735 1180 DISTRINGENDIS
753 1123 940 1200 HosTIBvs
984 1147 987 1151 ·

172 1253 201 1317 1.
232 1249 438 1337 Coriolanus,
466 1273 538 1318 oum
562 1253 775 1339 ignominiam
799 1252 1017 1319 damnationis
1042 1275 1118 1319 suae
1137 1271 1171 1323 10

102 1340 190 1406 bello
213 1340 435 1426 ulcisceretur,
461 1342 708 1428 populationem
729 1341 942 1428 patriciorum
965 1362 1119 1426 agrorum

102 1429 254 1515 inhibuit,
275 1429 396 1496 deustis
415 1429 620 1517 uastatisque
637 1431 850 1515 plebeiorum,
868 1435 905 1496 ut
923 1431 1118 1497 discordiam

103 1524 263 1602 moueret,
286 1539 351 1604 qua
374 1541 549 1586 consensus
571 1519 796 1586 Romanorum
818 1520 1035 1606 distringeret.

169 1608 200 1672 2.
227 1605 396 1673 Hannibal
418 1607 570 1691 Fabium,
597 1609 650 1674 eui
672 1629 775 1694 neque
798 1609 919 1674 uirtute
942 1630 1047 1694 neque
1070 1631 1119 1673 ar-

102 1697 190 1762 tibus
213 1696 358 1762 bellandi
380 1719 440 1780 par
463 1701 547 1781 erat,
569 1702 606 1762 ut
628 1697 767 1762 infamia
784 1696 1007 1782 distringeret,
1030 1698 1172 1783 agris1o

103 1785 172 1850 eius
196 1785 370 1867 abstinuit,
393 1788 518 1850 eeteros
541 1785 725 1869 populatus.
771 1788 882 1850 eontra
904 1786 974 1866 ille,
1004 1807 1045 1850 ne
1069 1808 1119 1851 su-

104 1875 216 1957 specta
243 1873 369 1937 eiuibus
395 1872 477 1936 fides
505 1875 604 1957 esset,
633 1871 858 1958 magnitudine
882 1873 982 1938 animi
1005 1873 1120 1953 effecit,

103 1961 281 2045 publicatis
304 1961 565 2044 possessionibus
589 1961 665 2026 suis.

171 2048 203 2113 3.
231 2048 353 2114 Fabius
376 2047 539 2115 Maximus
563 2050 677 2135 quinto
700 2050 826 2134 consul,
854 2071 927 2115 eum
950 2048 1120 2116 Gallorum

105 2140 138 2202 et
160 2135 372 2223 Umbrorum,
398 2137 625 2223 Etruseorum,
653 2137 848 2206 Samnitium
878 2139 1034 2206 aduersus
1061 2162 1118 2227 po·
1138 2157 1173 2207 20

102 2226 219 2311 pulum
245 2225 429 2292 Romanum
457 2228 615 2294 exereitus
643 2229 797 2312 coissent,
828 2232 943 2295 contra
975 2251 1057 2314 quos
1085 2234 1119 2295 et

103 2316 173 2400 ipse
196 2320 287 2381 trans
306 2314 538 2401 Appenninum
557 2318 592 2382 in
610 2315 823 2402 <Sentin>ate
846 2323 954 2384 eastra
976 2339 1120 2384 eommu-

103 2404 230 2488 niebat,
257 2406 390 2490 scripsit
412 2403 530 2472 Fuluio
554 2410 587 2471 et
608 2407 792 2492 Postumio,
820 2407 932 2491 quiin
955 2407 1119 2491 praesidio

103 2493 177 2557 urbi
200 2496 308 2577 erant,
331 2494 442 2577 eopias
466 2493 507 2558 ad
530 2492 678 2560 Clusium
701 2499 879 2560 mouerent.
924 2495 1040 2579 quibus
1065 2494 1119 2558 ad·

104 2582 224 2645 seeutis
255 2580 296 2645 ad
324 2603 384 2646 sua
410 2581 611 2647 defendenda
636 2582 771 2648 Etrusci
796 2581 979 2667 Umbrique
1007 2582 1119 2647 deuer-
1138 2598 1172 2648 25

179 2726 192 2774 l
213 2717 351 2789 spartago
361 2719 396 2774 Η
408 2721 413 2789 l
430 2725 446 2774 8
464 2720 615 2789 exemplum
632 2721 768 2775 alienum.-
786 2722 821 2788 el.
834 2721 925 2790 praef.
939 2720 990 2792 §9
1006 2720 1010 2789 Ι
1026 2726 1044 2775 4
1058 2727 1121 2777 aete

104 2790 177 2846 Mae.
196 2795 249 2846 tres
271 2791 328 2858 sere
347 2792 398 2846 litt.
417 2807 513 2846 erasae
530 2790 566 2844 H
587 2795 592 2858 l
622 2796 638 2846 5
656 2791 759 2846 Itinera
781 2793 844 2847 eicit
861 2791 953 2847 Barth
984 2792 1120 2847 itinerans

104 2863 149 2918 uel
166 2860 267 2917 itinere
285 2863 418 2932 temptaui
433 2863 438 2933 1
455 2869 471 2918 6
490 2879 508 2917 a
525 2879 576 2918 om.
587 2862 639 2932 Ηι
656 2868 671 2918 7
690 2861 803 2918 utiliore
817 2865 836 2918 d
851 2865 856 2932 1
872 2868 889 2917 8
908 2879 931 2916 o.
950 2863 1121 2919 uoluissetd

105 2933 344 2989 communicatum
361 2934 490 3003 potasset
507 2933 567 2991 Sor.
595 2950 619 2988 o·
638 2936 737 3003 potum
755 2933 884 2989 iussisset
901 2934 1003 2990 Παντεῖ

178 3011 211 3059 10
231 3003 312 3059 Corio
330 3004 412 3059 lanus
426 3005 466 3072 H,
484 3006 531 3060 sed
540 3006 653 3075 priore
672 3007 704 3060 iu
720 3021 775 3061 rue.
789 3006 808 3059 le
823 3010 828 3074 1
845 3011 878 3059 12
896 3004 1043 3073 uastisque
1060 3004 1121 3074 pla·

104 3076 215 3130 bionum
232 3075 285 3147 ΗΙ
309 3081 342 3129 13
362 3074 576 3146 distringeretur
593 3076 653 3132 edd.
673 3080 678 3144 Ι
702 3081 736 3131 16
755 3077 949 3147 destringeret.
969 3077 989 3132 d
1009 3078 1013 3144 Ι
1038 3082 1073 3131 20
1091 3079 1121 3131 et

104 3148 155 3202 del.
175 3149 233 3202 edd.
251 3149 256 3217 Ι
272 3148 302 3201 et
319 3146 474 3201 Tuscorum
488 3145 713 3216 Samnitiumque
732 3149 771 3214 dl
796 3153 830 3202 22
850 3145 1120 3217 appennmuminate

104 3218 140 3272 H
142 3218 178 3284 P,
192 3235 240 3272 em.
254 3217 325 3273 Oua.
344 3235 378 3272 ex
395 3217 461 3272 Lite.
477 3222 522 3285 10,
535 3221 574 3274 27
591 3217 770 3288 Apenninum
784 3223 910 3274 mentem
924 3219 984 3274 edd.
1000 3220 1006 3290 Ι
1021 3224 1055 3274 23
1069 3219 1120 3274 fla·

104 3288 152 3343 uio
171 3289 216 3344 Ηι
232 3292 237 3359 Ι
252 3289 282 3344 in
301 3289 370 3344 delet
387 3290 458 3344 Ded.
475 3292 479 3354 Ι
504 3293 540 3343 24
557 3288 635 3344 urbis
649 3291 668 3344 d
684 3293 689 3360 j
704 3290 741 3345 ad
759 3290 884 3346 Clusium
905 3290 983 3345 Mod.
1003 3306 1037 3345 ex
1054 3290 1120 3345 Lea.

106 3364 151 3427 10,
163 3363 202 3416 27
229 3359 365 3415 adsieium
383 3360 419 3415 H
443 3358 577 3415 adsitium
598 3361 626 3414 P
651 3361 688 3416 ad
705 3360 827 3416 Asisium
848 3361 955 3432 Tene!
980 3361 1120 3417 obsecutis

104 3431 150 3485 uel
166 3430 197 3485 id
215 3431 318 3487 secutis
338 3431 408 3487 Oad.
433 3433 439 3500 Ι
467 3436 502 3486 25
521 3429 605 3486 defen
624 3432 717 3487 denda
734 3432 780 3501 H,
807 3433 854 3488 sed
872 3433 954 3487 defen
971 3434 1004 3488 ie
1021 3449 1081 3486 raa.
1096 3437 1123 3483 et

106 3500 161 3556 den
179 3517 212 3557 ere
230 3503 285 3557 dan
303 3503 322 3556 le
341 3503 346 3570 1
369 3502 573 3557 descenderunt
590 3503 609 3557 d
