2468 3832
121 151 184 226 118
323 153 399 208 IULI
417 150 594 207 FRONTINI
613 151 935 208 STRATEGEMATON

118 315 359 401 prosiluissent,
391 324 428 380 ut
451 337 609 400 quemque
632 317 803 381 inuenerat
830 319 985 398 stantem,
1017 314 1064 379 ita
1093 314 1133 379 ad

119 405 247 470 ordines
270 404 408 469 militiae
430 405 590 489 prouexit.

186 494 215 559 9.
246 491 413 577 Lysander
444 491 716 558 Lacedaemonius
750 512 916 577 egressum
948 492 1003 556 uia
1035 509 1136 577 quen-

119 581 193 646 dam
213 582 407 666 castigabat.
444 582 495 646 cui
514 582 633 646 dicenti
652 582 692 646 ad
710 581 832 645 nullius
855 581 903 644 rei
925 581 1073 665 rapinam
1098 602 1134 645 se

84 671 161 738 aab
191 671 320 755 agmine
347 670 520 736 recessisse
547 669 731 755 respondit:
764 668 816 734 ‘ne
840 669 979 753 speciem
1003 669 1135 754 quidem
1169 697 1172 703 ·

118 760 246 843 rapturi
268 759 424 843 praebeas
448 757 544 825 uolo?

188 849 238 913 10.
269 847 471 932 Antigonus,
501 869 574 913 eum
600 846 703 912 filium
732 868 826 911 suum
855 845 1000 911 audisset
1023 846 1135 910 deuer-

118 935 198 1000 tisse
221 937 256 1001 in
279 958 360 1001 anus
383 936 532 1019 domum,
564 937 615 1001 cui
644 939 711 1000 tres
740 935 827 1001 filiae
857 935 1001 1019 insignes
1027 935 1134 1018 speeie

119 1029 237 1107 essent,
261 1022 392 1108 ‘audio',
414 1025 529 1110 inquit,
553 1024 620 1103 ‘fili
643 1028 780 1109 anguste
802 1023 954 1088 habitare
977 1028 1010 1087 te
1034 1023 1134 1107 pluri·

67 1132 100 1181 10
118 1111 179 1178 bus
208 1113 347 1178 dominis
375 1114 507 1179 domum
534 1113 792 1198 possidentibus:
819 1112 1004 1197 hospitium
1028 1113 1134 1176 laxius

119 1200 253 1285 aecipe':
285 1203 436 1286 iussoque
470 1203 685 1289 commigrare
713 1202 831 1284 edixit,
856 1223 897 1266 ne
925 1200 998 1285 quis
1027 1202 1135 1266 minor

119 1291 358 1376 quinquaginta
394 1313 496 1356 annos
534 1296 631 1355 natus
661 1290 806 1375 hospitio
842 1291 957 1355 matris
990 1288 1134 1354 familias

118 1381 271 1444 uteretur.

188 1468 238 1533 11.
271 1467 308 1543 Q.
335 1466 486 1530 Metellus
517 1466 647 1550 consul,
679 1467 827 1551 quamuis
860 1468 951 1532 nulla
981 1467 1052 1552 lege
1084 1467 1136 1531 in-

67 1572 100 1623 15
118 1553 293 1638 pediretur,
316 1555 393 1639 quin
411 1555 514 1619 filium
534 1555 798 1620 contubernalem
821 1559 1012 1640 perpetuum
1035 1555 1135 1620 habe·

119 1646 178 1723 ret,
201 1644 316 1707 maluit
337 1648 448 1708 tamen
471 1665 544 1708 eum
568 1644 602 1707 in
625 1643 737 1709 ordine
759 1666 891 1709 merere.

189 1733 239 1797 12.
271 1733 306 1798 P.
333 1732 478 1798 Rutilius
511 1734 641 1815 consul,
674 1755 747 1799 eum
778 1733 953 1799 secundum
982 1734 1070 1819 leges
1099 1734 1136 1798 in

119 1818 330 1887 contuberhio
355 1843 414 1887 suo
432 1821 552 1886 habere
570 1824 684 1905 posset
706 1822 819 1902 filium,
841 1823 875 1887 in
898 1821 1025 1906 legione
1050 1821 1133 1886 mili-

118 1913 185 1975 tem
208 1910 293 1975 fecit.

66 2016 100 2065 20
188 2000 237 2063 13.
270 1999 314 2062 Μ.
342 1997 480 2064 Scaurus
508 1998 627 2083 filium,
655 1999 741 2083 quod
768 2000 802 2064 in
832 1999 920 2063 saltu
943 1997 1133 2087 Tridentino

119 2087 190 2151 loco
221 2087 372 2151 hostibus
405 2092 562 2170 cesserat,
594 2089 629 2151 in
659 2092 868 2173 conspectum
899 2109 993 2152 suum
1023 2088 1134 2152 uenire

119 2174 238 2241 uetuit:
262 2175 449 2239 adulescens
468 2175 662 2240 uerecundia
679 2176 879 2260 ignominiae
897 2198 1029 2260 pressus
1048 2197 1134 2240 mor-

119 2265 185 2326 tem
209 2263 272 2326 sibi
295 2263 464 2329 consciuit.

189 2352 237 2416 14.
271 2349 388 2417 Castra
416 2350 595 2435 antiquitus
625 2350 766 2417 Romani
798 2356 986 2439 ceteraeque
1018 2357 1133 2437 gentes

67 2456 101 2506 25
120 2440 244 2523 passim
266 2462 324 2525 per
351 2461 488 2524 corpora
515 2439 698 2506 cohortium
726 2441 817 2506 uelut
843 2443 986 2525 mapalia
1014 2442 1134 2506 eonsti-

120 2531 211 2593 tuere
230 2529 319 2594 soliti
339 2534 441 2612 erant,
464 2551 537 2594 cum
557 2531 643 2595 solos
663 2530 792 2596 urbium
810 2551 922 2595 muros
945 2534 1056 2595 nosset
1079 2552 1134 2595 an·
1162 2526 1167 2535 ’

119 2617 264 2702 tiquitas.
300 2618 444 2702 Pyrrhus
463 2617 676 2703 Epirotarum
694 2641 751 2684 rex
773 2619 896 2702 primus
915 2622 1021 2684 totum
1046 2640 1134 2683 exer-

120 2706 221 2769 eitum
254 2707 314 2771 sub
347 2707 458 2771 eodem
492 2698 580 2771 uallo
608 2708 772 2773 continere
795 2708 948 2773 instituit.
994 2707 1135 2772 Romani

121 2793 244 2877 deinde,
266 2796 352 2860 uicto
377 2817 415 2860 eo
438 2797 472 2860 in
495 2797 617 2880 campis
637 2795 789 2862 Arusinis
813 2795 898 2861 eirea
921 2796 1035 2861 urbem
1053 2794 1133 2861 Mal·

68 2899 103 2949 30
121 2887 265 2966 uentum,
288 2884 404 2949 castris
428 2885 496 2949 eius
520 2884 616 2969 potiti
640 2888 673 2948 et
696 2884 898 2950 ordinatione
921 2889 1036 2950 notata
1058 2908 1136 2968 pau-

194 3029 208 3077 1
227 3022 405 3078 resiluissent
423 3023 450 3078 G
466 3021 641 3092 prosiluisset
659 3022 694 3077 H
699 3023 708 3054 ¹
728 3023 732 3094 Ι
757 3026 787 3079 01
804 3025 837 3077 01
854 3023 889 3077 H
906 3029 910 3091 Ι
934 3023 970 3077 ad
988 3041 1038 3080 om.
1058 3024 1093 3079 H
1098 3024 1108 3055 ¹
1128 3025 1132 3095 l

120 3099 138 3147 4
157 3093 292 3148 didicenti
311 3094 375 3160 H¹l
399 3099 414 3147 'l
434 3094 568 3149 euertisse
578 3094 634 3162 ἨΙ
649 3097 666 3146 8
685 3109 755 3149 anus
773 3111 823 3149 nos
841 3095 902 3150 eius
920 3095 1016 3151 GHP
1031 3094 1135 3150 uiduae

120 3164 244 3220 Eussrser
263 3167 321 3221 coll.
343 3165 420 3220 Plat.
440 3165 567 3233 apopttt.
587 3165 683 3246 Antip.
704 3169 721 3220 5
744 3165 869 3220 mulieris
889 3165 992 3236 Gesta}
1011 3172 1042 3221 11
1062 3164 1135 3220 dixit

123 3235 188 3290 GH
205 3239 208 3303 Ι
236 3242 267 3289 12
286 3235 316 3288 L.
336 3237 363 3291 G
383 3240 387 3304 Ι
415 3241 447 3290 15
466 3235 535 3304 quin
554 3235 603 3290 Gt
621 3253 670 3305 qur
690 3235 720 3290 in
739 3236 842 3305 H¹Pl
868 3242 901 3291 18
919 3238 1059 3308 legionem
1081 3238 1109 3290 P

121 3311 156 3359 20
178 3307 285 3359 trident
307 3306 337 3360 in
360 3307 499 3362 hocloco
522 3307 570 3374 ΡΙ
595 3312 629 3361 22
655 3307 813 3363 aduliscens
836 3306 881 3362 H¹
904 3307 1067 3364 adolescens
1090 3310 1108 3362 t

120 3381 156 3430 24
175 3379 324 3446 excerptam
336 3383 489 3448 suspectam
502 3378 581 3432 tabet
596 3378 772 3434 Wuctemutt
786 3381 791 3448 l
807 3383 841 3435 25
860 3379 1004 3449 mappalia
1020 3378 1082 3434 GH
1086 3379 1114 3432 P

38 3509 41 3514 J
121 3452 156 3501 27
175 3448 294 3516 pyrhrus
311 3448 337 3503 G
355 3467 452 3518 pyrrus
472 3450 517 3518 ΡΙ
541 3454 575 3504 29
594 3449 769 3505 Maluentum
788 3449 911 3519 Scotiqer
928 3448 1088 3506 fatuentum
1109 3449 1137 3506 G

111 3519 290 3572 statuentum
309 3520 347 3574 Η
348 3520 378 3574 Ρ
392 3521 586 3577 Βο0000010οι
605 3520 684 3576 Mod.
