2468 3832
422 135 532 191 LIBER
550 135 571 190 1.
599 133 678 194 cAP.
696 140 792 191 8-10.
1077 135 1119 200 29

103 304 233 378 senatu,
256 321 297 364 ne
320 299 497 364 tumultum
520 300 681 382 moueret,
709 297 738 362 si
761 298 849 362 solos
873 303 1041 363 euocasset
1063 320 1120 363 no-

102 392 228 472 centes,
260 388 381 452 mixtos
414 386 460 451 eis
493 386 549 471 qui
582 390 674 451 extra
706 386 859 452 delictum
889 390 982 452 erant
1009 388 1120 453 uenire

102 478 207 543 iussit.
242 476 291 541 ita
315 478 348 541 et
365 474 455 541 noxii
474 475 598 540 minore
616 497 690 540 oum
708 479 811 559 metu,
834 475 911 559 quia
928 497 996 541 non
1013 497 1119 561 segre-

104 566 174 651 gati
198 564 336 650 ideoque
357 586 423 630 non
440 587 479 629 ex
498 586 596 630 causa
615 564 730 648 culpae
751 563 944 629 uidebantur
962 565 1121 649 arcessiri,

103 657 281 739 paruerunt
317 657 351 719 et
386 653 449 737 illi,
486 654 603 738 quibus
640 654 770 738 integra
807 656 878 717 erat
914 652 1156 736 conscientias

102 742 321 808 custodiendis
337 763 464 827 quoque
478 742 671 808 nocentibus
686 740 910 825 adtenderunt,
927 763 970 806 ne
988 741 1122 807 illorum

104 831 183 918 fuga
205 831 461 916 inquinarentur.
1142 861 1145 867 ·

169 921 200 986 4.
231 917 265 985 O.
290 919 423 1000 Caesar,
451 941 524 985 cum
548 918 706 1003 quaedam
728 919 873 1004 legiones
897 920 966 984 eius
991 917 1121 984 seditio·

103 1031 179 1074 nem
210 1010 404 1093 mouissent,
436 1006 517 1072 adeo
545 1011 583 1071 ut
609 1009 644 1071 in
671 1007 847 1091 perniciem
878 1029 1004 1092 quoque
1032 1007 1122 1073 ducis

104 1096 293 1162 uiderentur
315 1099 595 1181 consurrecturae,
623 1095 827 1161 dissimulato
850 1100 940 1160 metu
962 1097 1122 1180 prooessit
1143 1113 1176 1162 ιο

106 1185 147 1250 ad
176 1186 298 1249 milites
326 1184 633 1269 postulantibusque
663 1185 853 1249 missionem
884 1185 970 1250 ultro
1003 1185 1122 1250 minaci

105 1274 199 1338 uultu
218 1273 320 1337 dedit:
343 1276 569 1338 exauctoratos
587 1272 789 1358 paenitentia
807 1273 915 1359 coegit
934 1274 1123 1338 satisfacere

105 1362 295 1450 imperatori
318 1362 647 1447 obsequentioresque
668 1363 703 1427 in
720 1362 847 1447 reliqua
865 1383 965 1446 opera
984 1384 1019 1427 se
1038 1361 1122 1427 dare.

167 1571 202 1627 X.
231 1571 524 1638 QUEMADMODUM
541 1570 819 1627 INTEMPESTIVA
836 1571 1063 1628 POSTULATIO

408 1658 558 1714 PUGNAE
577 1658 813 1716 mauron
1144 1665 1176 1714 15

176 1806 203 1870 1.
228 1803 265 1879 Q.
280 1801 453 1887 Sertorius,
468 1803 554 1887 quod
569 1804 790 1887 experimento
805 1804 962 1869 didicerat
976 1805 1124 1887 inparem

109 1914 143 1957 se
161 1893 316 1957 uniuerso
335 1892 556 1958 Romanorum
575 1892 743 1977 exercitui,
765 1895 802 1956 ut
820 1893 976 1958 barbaros
997 1914 1125 1977 quoque

108 1980 294 2045 inconsulte
323 2002 466 2065 pugnam
495 1984 704 2064 exposcentes
733 1980 877 2060 doceret,
910 1980 1057 2046 adductis
1090 1982 1125 2046 in

109 2071 317 2153 conspectum
355 2068 479 2133 duobus
518 2069 625 2154 equis,
660 2070 849 2155 praecalido
886 2070 993 2149 alteri,
1031 2071 1125 2136 alteri

109 2156 282 2222 admodum
320 2157 396 2225 exili
430 2157 510 2224 duos
543 2158 690 2224 admouit
720 2159 852 2226 iuuenes
886 2158 1037 2225 similiter
1069 2159 1124 2225 ad·
1143 2174 1178 2223 20

108 2246 226 2330 festos,
249 2245 419 2311 robustum
443 2251 476 2312 et
498 2248 662 2332 gracilem.
699 2270 738 2313 ac
756 2249 933 2315 robustiori
950 2250 1125 2333 imperauit

109 2356 191 2419 equo
211 2334 288 2400 exili
306 2337 490 2401 uniuersam
509 2336 645 2402 caudam
665 2337 865 2423 abrumpere,
885 2338 999 2423 gracili
1016 2341 1125 2403 autem

74 2477 76 2480 ,
108 2424 322 2489 ualentiorem
342 2446 401 2509 per
420 2425 567 2511 singulos
586 2425 716 2510 <pilos>
736 2426 865 2492 uellere.
898 2447 1035 2511 cumque
1054 2446 1126 2510 gre·

109 2513 180 2577 cilis
203 2511 336 2577 fecisset
359 2512 443 2597 quod
466 2515 663 2597 imperatum
691 2518 776 2598 erat,
804 2514 1023 2580 calidissimus
1053 2535 1126 2578 cum

109 2600 231 2665 infirmi
254 2600 328 2683 equi
352 2599 454 2664 cauda
477 2601 547 2667 sine
570 2602 687 2666 effectu
709 2602 900 2684 luctaretur,
931 2601 1126 2685 ‘naturam',
1145 2615 1179 2665 25

183 2797 197 2844 1
217 2791 407 2846 solouocasset
420 2791 464 2845 H¹
479 2791 484 2862 1
500 2798 516 2847 3
535 2794 568 2847 ut
585 2791 693 2848 minore
708 2793 759 2860 Hl
776 2800 793 2846 4
812 2793 1000 2864 accessiriPl
1021 2802 1126 2848 ocum·

109 2865 264 2933 paruerunt
277 2863 336 2918 edd.
355 2865 359 2932 Ι
375 2863 443 2933 quin
453 2863 488 2918 H
503 2869 567 2919 ante
580 2880 649 2920 corr.
666 2867 671 2934 Ι
687 2865 758 2935 eret]
774 2881 842 2919 uera
855 2864 890 2918 H
903 2863 907 2936 Ι
924 2870 940 2919 8
955 2881 1127 2920 caesareum-

110 2950 182 3002 quae
201 2933 237 2988 H
251 2935 284 2988 ia
301 2938 377 3002 roal
400 2939 433 2988 12
452 2935 533 2989 uoltu
551 2936 597 3004 ΡΙ
621 2941 654 2991 18
673 2935 814 3005 reliquum
832 2936 878 3004 ΡΙ
900 2953 1000 3006 operae
1020 2936 1048 2990 P
1065 2941 1129 2991 uate

109 3021 165 3060 raa.
191 3007 196 3074 l
226 3021 256 3059 se
276 3004 342 3060 dare
360 3021 411 3061 noa
429 3005 525 3060 sedere
544 3007 608 3061 ΗΡ
638 3023 667 3062 se
686 3007 788 3062 dedere
807 3007 909 3062 Hartel
935 3007 966 3061 in
988 3006 1128 3075 reliquum

111 3092 210 3146 operas
230 3077 311 3131 edere
330 3077 390 3132 edd.

185 3153 218 3202 14
237 3149 348 3203 titulum
367 3163 417 3202 om,
439 3146 515 3216 ΟΗΙ
538 3154 570 3202 16
589 3149 661 3204 idem
678 3151 829 3219 exemplum
847 3154 873 3215 4,
888 3153 948 3217 7,6
969 3152 973 3217 Ι
1000 3154 1033 3203 17
1053 3165 1128 3204 exer·

111 3218 180 3273 citui
198 3218 244 3287 H,
269 3218 316 3273 ced
339 3235 404 3273 exer
426 3220 519 3274 eadem
540 3236 614 3274 mcc.
637 3226 663 3276 et
685 3223 733 3276 alt.
751 3222 762 3274 i
780 3222 799 3275 ir
816 3221 849 3275 ia
865 3236 922 3275 rae.
952 3221 956 3288 Ι
987 3225 1021 3275 19
1045 3219 1130 3275 alteri

110 3290 190 3345 aerael
208 3306 258 3347 om.
273 3291 319 3359 ΡΙ
335 3295 370 3344 20
389 3289 527 3361 adfectos]
548 3290 654 3346 electos
673 3293 690 3346 t.
710 3293 728 3346 l.
745 3293 749 3361 l
766 3297 800 3346 23
818 3289 984 3346 ualentioris
1005 3291 1075 3346 Ocd.
1096 3308 1129 3347 erc

112 3361 130 3415 t.
151 3362 167 3415 t.
185 3362 190 3430 Ι
206 3360 318 3432 singula
338 3361 385 3430 ΡΙ
409 3360 482 3429 pilos
501 3362 590 3431 sumpt.
610 3363 669 3417 cdd.
689 3379 722 3417 erc
740 3364 758 3418 l.
778 3364 795 3416 l.
817 3364 822 3431 Ι
849 3367 883 3416 24
901 3361 1027 3434 fecisset]
1045 3363 1129 3418 uicis·

112 3433 157 3484 set
174 3431 210 3485 H
233 3432 333 3502 gracili
351 3432 531 3487 successisset
549 3432 650 3488 Hartel
672 3450 706 3488 ex
725 3434 742 3487 l.
762 3434 779 3488 1,
805 3437 810 3503 ι
840 3437 874 3487 25
893 3432 1009 3487 infirmis
1031 3434 1064 3486 H
1086 3433 1133 3483 'm-

112 3500 241 3557 firmioris
259 3503 375 3570 Hcrtel,
392 3504 439 3559 aed
456 3503 492 3570 cf.
508 3505 598 3572 praes.
619 3503 639 3576 ἕ
655 3509 690 3560 14
