2468 3832
401 147 513 203 LIBER
530 147 578 204 111„
607 147 684 202 cnP.
706 153 819 204 11-13.
1054 145 1117 212 107

107 334 240 430 menum
262 311 504 396 increpantibus
534 309 675 395 ‘qualem
701 309 833 409 inuenif,
855 310 975 396 inquit,
1005 308 1118 374 ‘talem

103 404 228 572 rehppr.
248 489 495 575 Epaminondas
518 487 691 553 Thebanus
719 486 805 552 idem
832 487 948 552 iecisse
977 487 1116 569 dicitur]

176 698 249 755 XIII.
277 697 326 753 DE
344 696 558 754 EMII'IENDO
577 696 626 753 ΕΤ
644 694 868 753 RECIPIENDO
887 696 1041 752 NUNTIO.

174 847 202 911 1.
235 844 388 928 Romani,
411 843 537 909 obsessi
560 843 595 908 in
610 841 783 928 Capitolio,
806 843 846 907 ad
866 840 1040 907 Camillum
1064 858 1154 908 auo

104 934 182 999 xilio
205 933 434 1018 inplorandum
467 933 624 996 miserunt
647 931 802 997 Pontium
826 930 1023 1011 Cominium,
1055 932 1119 1016 qui,

105 1026 142 1087 ut
157 1025 314 1088 stationes
329 1022 498 1086 Gallorum
516 1021 653 1098 falleret,
675 1042 733 1105 per
752 1042 830 1085 saxa
847 1020 986 1104 Tarpeia
1005 1020 1119 1085 demis-

106 1133 161 1175 sus
185 1114 315 1176 tranato
338 1111 447 1173 Tiberi
470 1108 568 1174 Veios
592 1110 742 1194 peruenit
764 1113 797 1173 et
819 1113 1007 1192 perpetrata
1029 1111 1119 1197 lega·

104 1200 192 1264 tione
217 1199 367 1264 similiter
390 1197 431 1262 ad
454 1219 529 1262 suos
552 1198 657 1264 rediit.

172 1289 203 1353 2.
231 1284 403 1371 Campani,
432 1286 602 1372 diligenter
624 1285 781 1351 Romanis
810 1285 969 1371 aquibus
993 1287 1119 1352 obsessi
1139 1304 1172 1354 10

107 1379 200 1441 erant
213 1377 377 1442 custodias
399 1375 580 1460 agentibus,
604 1375 765 1459 quendam
779 1397 838 1459 pro
852 1375 1025 1461 transfuga
1045 1376 1119 1440 sub-

106 1468 255 1530 ornatum
286 1465 460 1549 miserunt,
493 1465 549 1550 qni
581 1464 779 1530 occultatam
811 1464 923 1530 balteo
946 1465 1119 1548 epistulam

104 1553 238 1619 inuenta
265 1554 441 1640 effugiendi
470 1555 594 1635 [causa]
624 1555 794 1619 occasione
825 1554 866 1618 ad
893 1554 1021 1620 Poenos
1048 1576 1125 1639 per·.

102 1642 188 1707 tulit.

171 1732 215 1813 [3.
232 1730 410 1796 Venationi
428 1751 555 1813 quoque
570 1733 603 1794 et
616 1728 788 1814 pecoribus
803 1730 934 1814 quidam
948 1729 1119 1796 insuernnt
1140 1748 1172 1798 15

103 1819 230 1885 litteras
254 1817 450 1883 membranis
473 1817 655 1900 mandatus,

170 1909 200 1974 4.
234 1907 335 1991 aliqui
358 1909 391 1970 at
412 1906 557 1971 iumento
585 1905 619 1969 in
652 1926 801 1971 auersam
832 1910 960 1989 partem
988 1905 1119 1970 infulae·

104 2000 194 2078 runt,
217 1996 293 2060 dum
317 1994 474 2059 stationes
496 1998 682 2077 transeunt3

167 2085 197 2151 5.
224 2084 374 2148 nonnulli
397 2083 552 2149 interiora
573 2083 769 2169 uaginarum
792 2084 1050 2168 inscripserunt]

172 2173 202 2238 6.
233 2172 269 2239 L.
296 2172 461 2254 Lucullus,
484 2170 660 2256 Cyzicenos
690 2172 843 2238 obsessos
877 2196 897 2239 a
924 2171 1116 2238 Mithridate
1137 2190 1171 2241 20

105 2262 142 2324 ut
179 2261 333 2327 certiores
372 2261 532 2326 aduentus
569 2260 621 2327 sui
656 2260 794 2342 faceret,
835 2284 909 2327 cum
945 2262 1117 2347 praesidiis

106 2350 249 2415 hostium
267 2355 433 2415 teneretur
446 2350 601 2416 introitus
615 2350 716 2434 urbis,
735 2351 791 2435 qui
809 2372 892 2416 unus
908 2355 941 2414 et
959 2357 1117 2436 angustus

54 2460 58 2468 ⁴
103 2443 203 2522 ponte
236 2440 364 2505 modico
395 2439 537 2504 insulam
570 2438 751 2504 continenti
782 2439 905 2524 iungit,
933 2438 1070 2504 militem
1102 2461 1118 2502 e

178 2670 192 2718 1
212 2681 326 2720 saeuum
346 2680 379 2719 ec
398 2680 511 2719 saeuom
534 2666 683 2719 correxerit
705 2665 768 2734 Ipsa
787 2664 832 2719 Ηι
850 2682 889 2720 cu
906 2666 940 2733 b,
957 2667 1092 2721 Incertum
1111 2666 1116 2738 t
1175 2693 1176 2696 ¹

103 2742 120 2790 3
139 2737 289 2804 canapium
307 2736 442 2790 alituum:
464 2737 500 2802 cf.
514 2736 605 2804 praef.
665 2738 697 2802 9;
719 2738 872 2806 insequenti
889 2738 920 2792 id
938 2738 1026 2806 capiti
1043 2738 1120 2794 uelut

99 2810 224 2876 prtmum
242 2808 392 2876 exemptum
409 2807 508 2861 tribuit
526 2805 590 2872 H¹l
635 2806 813 2875 piminondas
831 2809 972 2863 thebanus
990 2809 1025 2862 Η
1046 2868 1048 2872 ⁸

175 2884 190 2932 5
211 2879 314 2932 auxilio
328 2892 378 2932 uus
392 2879 428 2932 ab
443 2876 527 2931 exilio
538 2878 602 2932 ΗΡ
617 2877 655 2932 ad
669 2877 838 2933 auxilinmd
856 2879 980 2934 exsulem
996 2880 1098 2934 Hurtct
1112 2879 1117 2951 t

103 2949 139 3004 ad
159 2948 272 3004 Camilli
291 2947 425 3004 auxilium
444 2948 481 3003 ab
501 2948 600 3004 exsilio
618 2949 689 3004 Ded.
710 2952 714 3015 t
735 2955 752 3004 6
771 2950 922 3006 sominium
940 2951 960 3006 d
978 2951 1120 3006 cominum

104 3021 128 3075 0
132 3021 167 3076 H
168 3021 206 3074 P:
220 3019 255 3087 cf.
266 3021 331 3074 Liu.
342 3025 369 3087 5,
379 3023 451 3083 46‚8
466 3022 470 3090 Ι
488 3020 650 3075 ‘Idemissus
659 3021 719 3076 edd.
738 3020 870 3076 dimissus
880 3021 915 3076 H
919 3022 946 3075 P
960 3023 965 3090 Ι
982 3028 1014 3075 11
1029 3025 1119 3076 trans·

101 3090 184 3161 fugas
204 3089 372 3160 (transfugis
385 3092 415 3158 h)
435 3091 603 3146 obornatum
617 3092 652 3147 H
673 3092 678 3160 Ι
704 3098 737 3146 11
757 3090 906 3162 epistolam
922 3093 957 3148 H
969 3093 974 3163 Ι
996 3098 1028 3146 13
1048 3091 1120 3146 etiu-

102 3162 199 3231 giendi
213 3163 247 3216 H
265 3165 269 3230 Ι
290 3177 374 3217 causa
388 3162 422 3214 H
442 3178 542 3217 causas
561 3163 595 3229 P,
613 3163 702 3218 delent
719 3165 779 3219 cdd.
798 3179 814 3217 e
833 3162 930 3218 castris
952 3164 1022 3218 Oud.
1046 3164 1120 3217 clam

103 3234 203 3289 Hurtet
219 3235 223 3304 Ι
241 3238 274 3289 11
289 3235 410 3303 exemplu
424 3237 496 3288 3-5
515 3234 608 3288 aliena
621 3239 699 3289 eruut:
718 3236 752 3302 cf.
764 3235 855 3303 praef.
869 3234 891 3306 ἕ
905 3238 938 3303 9,·
954 3237 1035 3289 uultu
1048 3237 1121 3289 iuter

102 3322 136 3360 ea
148 3306 290 3361 distinctio
308 3307 340 3359 iu
354 3304 406 3374 ΗΙ
425 3304 575 3359 uenatione
590 3304 663 3372 ΗΡ,
681 3321 750 3359 corr.
770 3307 809 3375 dt
828 3304 1006 3360 inseruerunt
1024 3307 1062 3375 dt
1087 3311 1120 3359 16

103 3375 244 3431 mandatis
262 3376 308 3431 H¹
332 3378 337 3446 Ι
364 3382 396 3431 17
420 3375 528 3444 aliquid
548 3375 583 3429 H
609 3384 612 3439 1
641 3376 767 3431 iumento
787 3376 866 3431 Stew.
884 3376 1041 3432 iumentum
1060 3377 1123 3432 ΗΡ

102 3444 291 3502 iumentorum
302 3448 373 3502 Ded.
390 3450 394 3516 1
411 3464 538 3503 auersam
552 3448 571 3500 d
590 3463 718 3501 auersum
728 3446 763 3500 H
779 3448 925 3502 aduersam
936 3449 964 3503 P
977 3450 982 3519 Ι
997 3454 1032 3503 20
1046 3451 1120 3519 cyri-

106 3532 205 3572 ceneos
224 3518 270 3572 H¹
293 3519 299 3587 Ι
322 3523 356 3572 23
374 3519 473 3590 ponte]
492 3517 607 3588 potente
626 3518 661 3573 H
