2468 3832
433 127 544 184 LIBER
561 127 596 181 II.
625 127 701 182 CAP.
722 134 746 182 1.
1051 128 1092 190 41
1197 159 1201 167 ·

80 292 184 358 defixa
220 296 330 357 tenere
367 291 435 373 pila
471 290 585 354 iussit:
627 292 695 353 tum
729 289 916 355 anhelantes
958 291 1094 376 integris

79 381 204 446 uiribus
229 379 388 444 exercitus
413 377 462 443 sui
485 378 657 463 adgressus
682 378 810 441 auertit.

148 471 177 534 8.
200 466 321 533 Fabius
340 466 501 531 Maximus
524 487 589 531 000
613 467 760 550 ignarus,
783 464 895 532 Gallos
919 470 952 531 et
969 465 1095 531 Samni-

80 562 130 622 tes
153 557 260 641 primo
283 557 407 639 impetu
428 556 631 640 praeualere,
655 577 787 620 suorum
809 558 917 619 autem
940 555 1095 640 infatiga-

80 646 162 711 biles
187 645 322 728 spiritus
340 645 426 708 inter
443 665 552 709 moras
572 643 756 709 decertandi
776 645 874 709 etiam
893 645 1095 727 incalescere,
1114 663 1129 713 5

80 735 254 819 imperauit
280 734 453 817 militibus,
487 734 630 798 contenti
660 733 766 816 primo
795 752 972 817 congressu
1001 732 1096 797 susti-

81 844 160 887 nere
183 822 310 888 hostem
333 843 426 887 mora
448 821 641 907 fatigarent:
665 822 750 905 quod
773 822 829 886 ubi
851 821 1019 903 successit,
1043 821 1096 885 ad-

80 914 170 977 moto
204 912 304 976 etiam
336 910 482 976 subsidio
515 911 582 974 suis
614 910 650 974 in
681 911 789 994 prima
820 911 902 995 acie,
934 909 1095 974 uniuersis

80 1000 204 1065 uiribus
229 1021 419 1083 oppressum
443 999 528 1063 fudit
550 998 688 1063 hostem.

147 1089 177 1152 9.
199 1088 371 1173 Philippus
396 1088 436 1151 ad
456 1085 674 1153 Chaeroniam
697 1108 833 1170 memor,
857 1088 919 1152 sibi
942 1109 1013 1152 esse
1037 1088 1148 1156 011-10

79 1176 174 1240 litem
192 1176 292 1260 longo
307 1199 368 1240 usu
383 1176 543 1259 duratum,
557 1175 813 1240 Atheniensibus
832 1197 939 1241 acrem
958 1175 1096 1259 quidem,

83 1264 139 1330 sed
163 1265 410 1329 inexercitatum
434 1265 522 1330 0110
545 1266 669 1349 impetu
692 1268 822 1329 tantum
845 1265 1034 1347 uiolentum,
1058 1285 1096 1327 ex

79 1353 240 1418 industria
266 1355 425 1437 proelium
452 1354 567 1418 traxit:
599 1375 738 1437 moxque
769 1353 1001 1439 languentibus
1029 1353 1096 1415 iam

80 1441 336 1507 Atheniensibus
356 1443 548 1508 concitatius
567 1443 680 1507 intulit
699 1442 792 1527 signa
812 1446 845 1506 et
862 1443 952 1526 ipsos
973 1441 1095 1506 cecidit

150 1531 199 1596 10.
222 1529 469 1599 Lacedaemonii
489 1532 643 1597 certiores
663 1532 703 1596 ab
724 1532 983 1615 exploratoribus
1006 1530 1148 1608 faoti,1o

79 1618 258 1685 Messenios
272 1621 307 1684 in
321 1641 393 1684 eam
409 1621 564 1685 exarsisse
582 1620 717 1701 rabiem,
734 1625 772 1684 01
789 1621 824 1683 10
842 1621 1003 1704 proelium
1022 1641 1095 1684 cunr

80 1707 272 1794 coniugibus
292 1729 330 1772 ac
348 1708 459 1772 liberis
474 1708 714 1790 descenderent,
732 1729 877 1792 pugnam
890 1708 1095 1773 distulerunt.

149 1798 200 1863 11.
225 1796 259 1862 O.
273 1793 394 1860 Caesar
412 1797 497 1859 bello
517 1795 614 1876 ciuili,
632 1816 706 1859 cum
724 1796 899 1859 exercitum
913 1795 1044 1858 Afranii
1063 1799 1096 1858 et

80 1883 189 1947 Petrei
204 1884 484 1948 circumuallatum
500 1883 555 1947 siti
569 1886 705 1966 angeret
721 1883 814 1967 isque
829 1884 871 1947 ob
889 1883 952 1947 hoo
966 1902 1095 1965 exaspe-

80 1971 358 2037 ratusinterfeotis
368 1971 517 2036 omnibus
527 1971 757 2056 inpedimentis
766 1972 805 2036 ad
815 1992 960 2057 pugnam
968 1971 1094 2036 descen·
1114 1991 1147 2039 ao

81 2058 197 2141 disset,
226 2060 386 2124 continuit
409 2082 500 2143 suos,
528 2061 705 2125 arbitratus
729 2061 871 2125 alienum
894 2059 1094 2125 dimicationi

81 2151 222 2232 tempus,
247 2149 333 2232 quod
352 2149 555 2214 aduersarios
573 2150 622 2214 ira
641 2152 674 2213 et
693 2150 876 2235 desperatio
900 2149 1095 2214 incenderet.

151 2237 200 2300 12.
226 2234 283 2303 On.
301 2237 488 2322 Pompeius,
511 2238 690 2324 fugientem
713 2238 937 2306 Mithridatem
961 2240 1094 2323 cupiens

81 2324 121 2389 ad
153 2327 312 2409 proelium
349 2326 557 2411 compellere,
594 2329 695 2412 elegit
731 2332 861 2412 tempus
895 2328 1095 2392 dimicationi

72 2422 289 2499 nocturnum,
312 2418 350 2480 ut
373 2416 506 2480 abeunti
530 2437 564 2481 se
587 2422 781 2502 opponeret:
814 2420 910 2500 atque
932 2417 980 2480 ita
1003 2437 1094 2498 prae
1115 2433 1147 2482 25

79 2508 213 2586 paratus
238 2504 382 2568 subitam
409 2504 559 2569 hostibus
583 2505 809 2570 necessitatem
834 2503 1024 2569 decernendi
1048 2503 1095 2567 in-

80 2591 166 2655 iecit.
211 2595 379 2675 praeterea
407 2593 453 2656 sio
481 2592 653 2657 oonst'tuit
681 2593 797 2676 aciem,
824 2595 861 2655 ut
887 2591 1095 2655 Ponticorum

81 2678 212 2763 quidem
231 2680 342 2744 oculos
362 2678 498 2744 aduersa
514 2681 593 2745 luna
610 2681 877 2764 praestringeret,
899 2681 966 2743 suis
987 2685 1095 2745 autem

80 2767 253 2832 inlustrem
277 2772 310 2832 et
333 2769 543 2852 conspicuum
565 2768 734 2853 praeberet
756 2768 894 2834 hostem.

128 2857 200 2920 ·13.
230 2856 424 2941 Iugurtham
447 2860 589 2940 constat,
617 2879 794 2923 memorem
822 2858 955 2922 uirtutis
979 2857 1095 2923 Roma·
1115 2874 1149 2923 30

154 3002 168 3049 1
189 2995 565 3062 (101111οΗ,0011010100
585 2996 702 3064 (defixos
721 2995 749 3064 2)
772 2998 776 3065 Ι
796 2994 994 3051 anhelantesd
1013 2998 1097 3050 anhe-

80 3067 186 3121 lantem
196 3066 232 3120 Η
234 3067 263 3120 Ρ
277 3070 281 3134 1
297 3073 313 3121 3
329 3066 451 3139 Falllbus
465 3070 496 3134 (u
509 3083 590 3123 00000
603 3066 631 3136 ,9)
648 3067 803 3122 1001110οΗ
814 3072 876 3120 ante
890 3083 959 3122 corr.
977 3069 981 3137 Ι
997 3072 1013 3121 6
1033 3082 1097 3121 000·

80 3138 195 3207 temptis
207 3138 234 3191 P
249 3141 253 3206 Ι
271 3144 286 3192 7
301 3140 333 3191 01
346 3138 457 3192 hostem
473 3138 521 3208 ΡΙ
541 3145 558 3194 8
577 3139 643 3206 suis,
662 3138 693 3192 in
706 3156 733 3207 p.
749 3138 809 3192 acie
828 3137 904 3191 uniu.
921 3138 1097 3206 dietiapuaat

81 3209 155 3264 edd:
174 3209 282 3264 correxi
299 3210 359 3264 coll.
378 3209 443 3264 Ira.
464 3214 509 3276 10,
522 3214 572 3277 29,
587 3214 605 3265 5
620 3210 624 3278 1
642 3214 674 3262 11
687 3208 838 3281 [1110101001
859 3211 889 3274 (0
904 3224 984 3263 erasa
997 3207 1025 3276 2)
1040 3207 1075 3261 H
1091 3207 1094 3275 l

82 3284 114 3333 12
129 3278 297 3335 inexercitus
315 3285 377 3335 tum
390 3280 424 3333 H
427 3281 435 3310 ¹
460 3283 464 3348 1
489 3281 519 3334 10
538 3280 646 3350 101ρο10
665 3282 684 3335 d
701 3281 731 3334 10
744 3280 868 3349 impetus
882 3278 918 3332 H
931 3279 1053 3348 impetus
1071 3279 1100 3333 P

79 3349 189 3420 impetu
206 3353 266 3407 edd.
283 3354 287 3421 Ι
308 3350 476 3406 uiolentiam
490 3352 525 3407 H
538 3353 542 3422 Ι
564 3357 597 3406 16
616 3353 648 3405 01
666 3350 804 3422 proelium
819 3349 860 3416 H,
877 3351 924 3405 sed
943 3351 1024 3406 0110
1041 3367 1095 3405 ras.

79 3419 163 3488 (102)
182 3422 221 3490 hl
238 3427 271 3476 18
291 3421 319 3478 0.
339 3439 389 3478 om.
400 3422 435 3476 H
448 3425 452 3492 Ι
477 3429 510 3477 22
531 3437 586 3493 quo
601 3423 640 3491 111
662 3424 691 3477 01
708 3420 752 3477 110
771 3423 799 3477 01
817 3423 837 3476 d
852 3424 856 3490 Ι
872 3421 1036 3478 incenderat
1049 3422 1094 3492 ΡΙ

81 3495 116 3545 25
135 3492 251 3547 adeunti
270 3494 298 3547 P
320 3495 324 3564 Ι
350 3498 384 3547 30
403 3493 567 3564 Iugurtham
587 3496 682 3549 autem
701 3495 849 3549 constatd
