2468 3832
161 137 205 202 34
368 135 443 192 IULI
461 133 639 191 FRONTINI
658 134 983 192 STRATEGEMATON

161 299 220 364 dro
244 299 328 364 dari:
351 321 432 384 quas
456 321 528 364 cum
552 299 641 364 iecur
660 298 800 363 calidum
823 299 987 381 rapuisset
1010 302 1044 363 et
1062 321 1081 363 a
1099 321 1185 386 rege

160 387 261 453 militi
294 392 380 452 esset
412 391 594 472 ostensum,
627 388 718 452 auxit
747 387 892 451 animum
919 390 1089 471 tamquam
1116 388 1183 455 deo

162 477 342 560 spondente
363 476 548 542 uictoriam.

229 564 294 647 [15.
317 564 407 630 Idem
426 565 504 630 fecit
523 561 659 628 Sudines
678 562 841 648 haruspex
858 564 1017 647 proelium
1030 563 1181 632 Eumene

125 670 234 719 ocum
258 653 362 719 Gallis
386 653 623 733 commissura]

229 744 280 808 16.
309 742 553 826 Epaminondas
582 740 755 805 Thebanus
783 740 938 805 aduersus
961 740 1180 808 Lacedaemo·

159 830 246 914 nios,
282 831 434 895 fiduciam
466 850 599 894 suorum
631 828 790 913 religione
823 829 1041 902 adiuuandam
1073 832 1180 911 ratus,

160 941 252 984 arma
280 940 362 1003 quae
390 920 589 983 ornamentis
618 917 724 982 adfixa
750 919 785 981 in
808 919 938 1002 templis
963 922 1056 982 erant
1078 923 1180 985 nocte

160 1008 323 1071 subtraxit
346 1007 572 1091 persuasitque
594 1006 754 1071 militibus
777 1006 854 1070 deos
878 1007 941 1070 iter
960 1028 1054 1071 suum
1074 1008 1179 1094 sequi,

107 1112 140 1161 10
159 1098 195 1158 ut
218 1096 453 1178 proeliantibus
476 1096 556 1180 ipsis
581 1094 740 1160 adessent.

227 1186 278 1250 17.
305 1184 479 1269 Agesilaus
502 1182 794 1267 Lacedaemonius,
820 1204 893 1248 cum
916 1184 1073 1267 quosdam
1097 1183 1178 1250 Per-

100 1287 116 1292 ·’
158 1295 268 1337 aarum
287 1275 440 1358 cepisset,
463 1294 600 1357 quorum
619 1271 750 1336 habitus
769 1272 908 1336 multum
926 1274 1062 1338 terroris
1080 1295 1178 1358 prae-

156 1361 234 1441 fert,
267 1362 417 1445 quotiens
450 1366 540 1425 ueste
571 1361 709 1445 tegitur,
741 1359 880 1426 nudatos
913 1361 1071 1426 militibus
1105 1363 1176 1428 suis

158 1450 311 1532 ostendit,
325 1454 361 1513 ut
380 1450 454 1514 alba
473 1460 610 1532 corpora
627 1451 661 1512 et
678 1449 861 1514 umbratica
878 1454 1176 1516 contemnerentur.

106 1557 138 1604 10
226 1539 276 1602 18.
314 1536 393 1603 Gelo
427 1535 660 1622 Syracusarum
693 1540 849 1620 tyrannus
881 1537 968 1603 bello
1002 1538 1175 1604 aduersum

156 1625 283 1690 Poenos
308 1629 472 1710 suscepto,
496 1647 568 1690 cum
591 1625 713 1690 multos
737 1626 890 1709 cepisset,
913 1627 1175 1692 infirmissimum

157 1736 316 1799 quemque
343 1715 515 1800 praecipue
544 1713 628 1797 (ex)
657 1713 883 1797 auxiliaribus,
916 1715 970 1798 qui
1003 1717 1175 1801 nigerrimi

157 1807 263 1888 erant,
295 1804 448 1868 nudatum
476 1805 509 1868 in
538 1808 747 1887 conspectum
775 1825 909 1868 suorum
936 1803 1104 1889 produxit,
1136 1809 1175 1870 ut

156 1893 364 1977 persuaderet
387 1892 648 1959 contemnendos.

103 1999 137 2048 20
225 1983 275 2047 19.
299 1980 403 2065 Cyrus
421 2003 478 2045 rex
496 1981 683 2064 Persarum,
705 1984 742 2045 ut
760 1980 942 2045 concitaret
964 1980 1090 2046 animos
1114 2003 1173 2065 po·

156 2069 335 2153 pularium,
366 2073 439 2133 tota
471 2069 522 2134 die
554 2069 589 2132 in
622 2068 797 2133 excidenda
829 2069 913 2133 silua
945 2069 1083 2153 quadarn
1115 2091 1172 2135 sos

156 2157 324 2241 fatigauit3
348 2156 463 2221 deinde
485 2156 643 2241 postridie
665 2157 831 2240 praestitit
855 2157 901 2221 eis
924 2157 1172 2224 liberalissimas

157 2251 267 2329 epulas
292 2248 324 2309 et
345 2245 574 2330 interrogauit,
597 2249 670 2310 utro
688 2246 794 2330 magis
813 2246 999 2329 gauderent.
1035 2257 1173 2331 cumque

156 2333 186 2397 ei
209 2334 392 2416 praesentia
414 2335 622 2418 probassent,
645 2332 748 2420 ‘atqui
770 2355 828 2418 per
851 2333 952 2417 haec',
975 2335 1094 2421 inquit,
1118 2334 1172 2401 ‘ad

103 2440 136 2488 25
155 2422 213 2486 illa
234 2423 488 2506 perueniendum
511 2426 574 2487 est:
603 2445 680 2488 nam
702 2423 799 2488 liberi
821 2423 975 2507 beatique
998 2445 1082 2509 esse,
1105 2425 1171 2489 nisi

155 2510 267 2575 Medos
290 2511 449 2595 uiceritis,
471 2533 537 2577 non
558 2509 725 2595 potestis'z
758 2515 854 2595 atque
878 2512 926 2576 ita
943 2532 998 2577 eos
1019 2513 1060 2577 ad
1083 2514 1172 2597 cupi·

155 2599 289 2664 ditatam
313 2600 429 2684 proelii
452 2600 636 2666 concitauit.

222 2689 275 2752 20.
298 2688 333 2752 L.
348 2687 451 2772 Sulla,
474 2689 550 2774 quia
572 2690 726 2754 aduersus
749 2687 946 2754 Archelaum
970 2689 1171 2773 praefectum

226 2868 243 2915 4
261 2863 411 2932 exemplam
428 2864 563 2918 alienum:
585 2865 620 2930 cf.
636 2865 727 2932 praef.
746 2862 767 2934 5
785 2868 803 2918 9
827 2866 831 2926 l
862 2861 980 2918 Sudines
1000 2863 1117 2920 000001).
1136 2881 1172 2918 ece

153 2933 285 3004 Polyaea.
299 2936 326 2999 4,
335 2939 389 2998 20;
407 2934 628 3000 cf.Strab.16‚6
644 2933 742 3002 ynides
751 2934 787 2988 H
788 2933 816 2986 P
828 2936 832 3003 Ι
849 2950 954 3004 auspex
963 2934 999 2988 H
1000 2935 1034 3002 P,
1048 2936 1148 2990 carad
1164 2934 1168 3006 l

154 3010 171 3059 0
189 3004 386 3058 commissuros
404 3004 447 3058 Η1
463 3006 468 3073 Ι
485 3011 500 3059 6
519 3002 729 3073 Epimanondas
747 3004 799 3071 ΗΙ
816 3011 832 3059 9
851 3004 926 3060 inter
944 3005 1009 3072 H¹l
1033 3011 1065 3058 11
1087 3021 1170 3074 quas·

154 3075 219 3130 daur
233 3074 285 3142 ΗΙ
300 3073 442 3147 pfllsarum
461 3077 546 3143 (dccc
564 3076 615 3130 liu.
634 3080 739 3143 casae)
752 3076 803 3144 H}
820 3081 853 3130 12
874 3076 1030 3144 coepissent
1047 3079 1078 3142 (n
1094 3079 1170 3145 exp.)

153 3146 188 3199 H
200 3147 204 3214 Ι
220 3145 366 3200 habitatus
380 3146 416 3199 H
429 3152 493 3201 cate
510 3162 566 3201 ras.
584 3149 588 3214 Ι
603 3145 711 3215 profert
724 3145 767 3199 H:
788 3163 827 3201 aa
845 3144 956 3201 offert?
973 3149 977 3215 Ι
995 3152 1029 3220 14
1046 3147 1170 3202 chamne-

153 3217 299 3285 renturH,
317 3218 537 3272 0000100001
556 3218 766 3272 contemnerent
783 3218 842 3272 edd.
859 3219 864 3286 Ι
886 3222 918 3272 10
938 3217 1174 3287 syracusommP

153 3289 411 3354 syracusanorumd
424 3289 618 3357 coll.p.27,25
634 3289 638 3357 Ι
656 3289 856 3357 1701000010
872 3290 876 3356 Ι
894 3293 927 3343 18
937 3291 1120 3358 conspectum
1127 3287 1170 3355 H,

152 3358 199 3412 scd
216 3375 244 3410 m
263 3359 400 3427 capaneia
417 3363 442 3412 et
460 3359 543 3413 000011
561 3360 667 3427 adem,
687 3365 719 3414 at
736 3360 805 3424 aid,
823 3375 923 3417 maaca
942 3361 1096 3442 conspectu
1115 3359 1145 3414 P
1162 3359 1167 3430 Ι

153 3431 188 3481 20
205 3444 382 3568 piemararrfln
396 3429 513 3554 gpalrte
530 3445 586 3485 ras.
612 3432 617 3500 Ι
641 3436 674 3484 21
694 3429 842 3486 excitanda
860 3430 895 3484 H
913 3432 918 3500 Ι
942 3435 1035 3486 24e1s
1054 3430 1089 3484 H
1104 3435 1171 3486 aare

152 3514 206 3554 ras.
256 3503 290 3552 28
310 3517 342 3568 sy
366 3516 383 3554 a
