2468 3832
153 129 197 193 42
358 129 433 186 IULI
450 128 628 185 FRONTINI
647 129 971 188 STRATEGEMATON

152 315 284 376 norum,
313 314 440 376 semper
461 293 619 358 inclinato
642 293 694 358 die
718 294 920 359 committere
943 295 1067 379 proelia
1090 295 1168 358 soli-

153 387 237 465 tum,
260 385 310 460 ut,
333 382 361 445 si
383 380 576 466 fugarentur
600 383 662 460 sui,
687 386 904 466 opportunam
922 386 1052 449 noctem
1070 382 1167 448 habe-

152 474 225 535 rent
249 470 289 534 ad
313 470 566 535 delitiscendnm.

222 560 273 624 14.
296 557 449 624 Lucullus
469 558 623 623 aduersus
641 557 869 624 Mithridatem
888 563 921 624 et
939 559 1115 645 Tigranem
1134 561 1168 624 in

118 647 309 712 5Armenia
336 652 456 712 maiore
484 646 569 730 apud
593 646 875 733 Tigranocertam,
903 669 976 713 cum
1004 648 1075 732 ipse
1102 670 1168 714 non

153 737 295 822 amplius
323 734 506 819 quindecim
535 735 626 800 milia
653 739 853 801 armatorum
880 734 1031 816 haberet,
1063 736 1167 802 hostis

153 829 263 891 autem
285 823 555 890 innumerabilem
578 823 819 889 multitudinem
847 845 948 909 eoque
976 826 1048 909 ipso
1077 825 1169 890 inha-

152 914 267 997 bilem,
297 934 375 976 usus
403 911 465 978 hoc
489 918 556 977 eius
579 912 783 979 incommodo
812 913 955 978 nondum
982 913 1168 979 ordinatam

152 1002 296 1068 hostium
325 1001 427 1066 aciem
453 999 576 1065 inuasit
604 1005 701 1086 atque
734 1002 782 1067 ita
809 1001 959 1085 protinus
987 1002 1168 1088 dissipauit,

101 1109 134 1158 10
153 1095 190 1156 ut
210 1089 275 1174 ipsi
298 1111 426 1174 quoque
448 1109 542 1175 reges
567 1091 701 1156 abiectis
724 1089 909 1176 insignibus
932 1090 1095 1176 fugerent.

221 1178 272 1244 15.
309 1176 359 1244 Ti.
386 1177 472 1244 Nero
506 1178 661 1244 aduersus
694 1178 895 1258 Pannonios,
931 1200 1006 1245 cum
1037 1180 1168 1244 barbari

152 1267 276 1334 feroces
300 1267 335 1331 in
353 1269 456 1332 aciem
480 1267 604 1333 oriente
625 1267 738 1333 statim
757 1267 807 1332 die
825 1269 1069 1352 processissent,
1093 1290 1168 1334 con·

152 1357 251 1422 tinuit
275 1377 351 1420 suos
373 1377 553 1441 passusque
576 1360 626 1421 est
648 1354 777 1421 hostem
799 1357 920 1422 nebula
943 1360 976 1422 et
999 1357 1168 1439 imbribus,

153 1446 207 1529 qui
225 1444 310 1508 forte
328 1443 385 1507 illo
404 1443 455 1508 die
475 1444 580 1509 crebri
598 1446 698 1529 erant,
715 1445 891 1510 uerberari.
917 1467 955 1510 ac
969 1445 1093 1529 deinde,
1112 1445 1169 1510 ubi

100 1548 134 1598 16
152 1533 273 1597 fessum
300 1532 416 1597 stando
440 1537 473 1597 et
495 1533 608 1617 pluuia
630 1552 697 1597 non
721 1534 832 1600 solum·
849 1533 906 1613 sed
924 1536 957 1597 et
975 1533 1167 1598 lassitudine

152 1621 286 1686 deficere
309 1621 553 1705 animaduertit,
577 1621 670 1705 signo
692 1621 769 1688 dato
794 1622 927 1687 adortus
951 1623 1127 1706 superauit.

221 1710 271 1775 16.
300 1707 469 1775 101111
487 1711 521 1774 in
540 1708 661 1795 Gallia,
680 1711 757 1794 qnia
776 1714 978 1796 compererat
997 1710 1165 1774 Ariouisto

152 1796 388 1865 Germanorum
410 1799 482 1883 regi
505 1799 694 1866 institutum
715 1803 748 1864 et
768 1801 861 1885 quasi
882 1799 988 1883 legem
1007 1819 1077 1864 esse
1101 1820 1167 1863 non

151 1889 318 1974 pugnandi
337 1887 539 1954 decrescente
561 1890 650 1973 luna,
674 1892 745 1954 tum
768 1888 976 1974 potissimum
995 1888 1062 1953 acie
1081 1908 1166 1952 com·

100 1979 253 2042 comissa
276 1977 439 2059 inpeditos
463 1977 623 2063 religione
645 1978 756 2044 hostes
781 1978 869 2044 uicit.

132 2108 135 2112 -
220 2066 272 2130 17.
299 2063 402 2128 Diuus
431 2065 600 2149 Augustus
623 2064 845 2150 Vespasianus
872 2065 1009 2132 Iudaeos
1035 2063 1168 2131 Saturni

32 2149 34 2154 ’
152 2152 217 2235 (111,
254 2172 317 2234 quo
355 2152 401 2214 eis
434 2151 527 2216 nefas
561 2155 610 2216 est
642 2152 814 2237 quicquam
847 2153 950 2219 seriae
981 2155 1029 2219 rei
1063 2174 1168 2239 agere,

152 2240 284 2304 adortus
309 2239 483 2323 superauit.

220 2328 271 2392 18.
295 2325 461 2411 Lysander
478 2326 752 2394 Lacedaemonius
772 2326 928 2392 aduersus
949 2328 1166 2393 Athenienses

98 2431 133 2482 11
152 2416 236 2500 apud
260 2415 522 2500 Aegospotamos
549 2415 695 2481 instituit
722 2420 810 2482 certo
837 2419 985 2501 tempore
1010 2416 1166 2481 infestare

151 2527 250 2570 naues
269 2504 529 2589 Atheniensium,
553 2505 627 2570 dein
650 2526 801 2571 reuocare
825 2507 972 2571 classem.
1014 2527 1053 2571 ea
1075 2527 1109 2570 re
1132 2506 1166 2568 in

151 2593 418 2660 consuetudinem
436 2594 605 2679 perducta,
624 2615 697 2659 cum
715 2592 931 2660 Athenienses
950 2598 1026 2680 post
1045 2594 1167 2679 digres-

152 2705 224 2748 sum
248 2683 316 2747 eius
340 2683 381 2747 ad
404 2682 642 2749 contrahendas
671 2683 782 2768 copias
809 2683 1087 2769 dispergerentur,
1116 2706 1167 2748 ex·

151 2771 256 2835 tendit
274 2793 313 2835 ex
327 2772 559 2837 consuetudine
577 2772 713 2837 classem
733 2775 766 2836 et
780 2773 914 2857 recepit:
932 2777 1003 2837 tum
1020 2772 1166 2838 hostium

99 2874 133 2924 1ο
152 2860 294 2924 maxima
316 2864 410 2944 parte
430 2882 469 2925 ex
487 2881 576 2928 more
599 2860 740 2945 dilapsa,
762 2861 905 2944 reliquos
928 2860 1061 2925 adortus
1085 2860 1166 2924 occi·

152 2949 200 3013 dit
224 2948 299 3032 <et>
323 2949 492 3014 uniuersas
515 2969 615 3014 naues
639 2949 734 3035 cepit

223 3147 240 3195 4
258 3141 380 3197 Luculus
394 3140 438 3194 H¹
454 3142 459 3210 Ι
480 3139 653 3195 mitridatem
667 3142 712 3203 ΡΙ
734 3139 905 3209 Thigranem
918 3139 964 3208 ΡΙ
987 3143 1004 3192 5
1023 3139 1166 3194 armoenia

152 3212 186 3266 H
198 3215 203 3282 Ι
218 3212 350 3282 thigrana
365 3213 471 3267 certam
480 3211 526 3280 ΡΙ
542 3218 558 3266 6
572 3212 668 3267 hostes
682 3212 752 3279 ΗΡ,
771 3227 840 3267 corr.
855 3211 874 3265 d
889 3211 894 3281 Ι
912 3214 944 3265 10
963 3209 1120 3265 abiectibns
1134 3209 1169 3263 H

151 3288 215 3338 uate
233 3300 302 3339 corr.
324 3286 329 3351 Ι
350 3288 384 3338 11
402 3281 444 3338 Ti.
463 3283 523 3339 edd.
542 3282 574 3337 Τ.
588 3284 645 3349 1Ρ,
662 3299 713 3339 om.
728 3283 792 3351 H¹l
819 3287 851 3336 11
871 3279 973 3335 orienti
987 3280 1039 3351 ΗΙ
1065 3286 1098 3335 15
1117 3281 1166 3335 sed

152 3356 181 3408 et
199 3370 249 3407 our.
269 3354 303 3408 H
325 3356 330 3423 Ι
356 3360 389 3409 17
408 3350 438 3407 Ο.
456 3369 507 3408 om.
523 3352 559 3406 H
574 3355 579 3423 Ι
605 3359 638 3408 18
661 3352 800 3409 militibus
816 3357 879 3422 post
896 3367 956 3406 esse
976 3353 1040 3408 add.
1060 3353 1080 3407 d
1099 3351 1104 3423 Ι
1129 3357 1163 3405 11

151 3425 334 3494 usspaaionus
344 3426 380 3480 H
392 3432 396 3491 Ι
413 3429 446 3479 15
462 3439 549 3494 aegeo
564 3429 696 3494 potamus
710 3424 745 3479 H
760 3440 829 3495 egco
844 3424 973 3494 potamos
986 3423 1021 3490 P,
1040 3439 1109 3479 corr.
1124 3424 1143 3478 d
1160 3424 1164 3494 1

150 3495 279 3551 infestari
294 3497 339 3564 ΡΙ
361 3503 395 3551 16
415 3495 620 3566 (1111111117
641 3495 842 3552 consuetudine
860 3493 906 3547 Hl
921 3499 925 3561 Ι
942 3499 974 3549 31
996 3498 1025 3550 11
1042 3495 1166 3566 supptd
