2468 3832
427 151 535 206 arana
552 153 601 208 iv.
639 152 715 208 car.
736 158 760 208 r.
786 231 787 234 p
1039 153 1103 217 143

89 313 347 397 interfecturum,
370 315 435 379 nisi
458 316 513 399 qui
532 315 671 378 iurasset
692 336 759 380 non
783 335 853 378 esse
875 315 937 379 sibi
961 319 1103 381 mentem

90 402 313 467 destituendus
332 402 379 466 rei
397 403 560 486 publicae:
584 424 719 486 eumque
738 404 808 486 ipse
829 424 862 467 se
881 403 1006 487 primus
1029 405 1102 469 reli-

89 492 185 576 gione
212 491 274 555 tali
304 490 498 575 obligasset,
531 491 644 555 stricto
675 491 785 575 gladio
814 495 953 556 mortem
983 493 1041 556 uni
1064 514 1103 556 ex

88 578 244 663 proximis
267 579 421 661 minatus,
450 578 513 643 nisi
541 579 700 663 acciperet
730 584 982 662 sacramentum,
1010 581 1103 645 illum

88 668 191 744 metu,
215 671 340 731 eeteros
363 668 462 731 etiam
486 668 633 751 exemplo
657 669 765 753 coegit
788 668 1032 733 adiuuandum.
1122 689 1139 738 5

156 755 208 820 40.
240 754 434 821 Volscorum
467 759 573 820 castra
603 777 677 820 cum
707 777 807 840 prope
831 779 851 821 a
874 757 1027 841 uirgultis
1051 757 1104 821 sil-

87 865 191 927 uaque
213 843 322 927 posita
345 847 461 926 essent,
485 841 642 908 Camillus
662 865 700 908 ea
722 846 948 929 omnia,quae
970 866 1104 929 concep-

87 935 158 996 tum
181 932 291 1016 ignem
313 954 415 1015 usque
438 932 473 995 in
495 933 617 996 uallum
640 933 783 1016 perferre
805 937 971 1018 poterant,
993 933 1103 999 ineen-

88 1020 136 1083 dit
160 1024 193 1085 et
217 1022 263 1085 sic
286 1020 491 1084 aduersarios
514 1020 604 1084 exuit
626 1020 750 1086 castris.

154 1109 206 1172 41.
238 1107 273 1171 Ρ.
305 1105 440 1172 Crassus
473 1107 558 1172 bello
589 1109 703 1193 sopiali
733 1108 845 1173 eodem
875 1110 971 1174 modo
1001 1131 1155 1194 propero

88 1217 162 1260 eum
185 1195 288 1279 copiis
312 1195 461 1260 omnibus
484 1195 681 1280 interceptus
706 1201 764 1262 est.
967 1261 971 1266 ,

155 1284 207 1348 42.
240 1283 278 1359 Q.
300 1283 452 1348 Metellus
475 1284 509 1348 in
532 1283 693 1369 Hispania
716 1287 824 1349 castra
846 1288 1004 1368 moturus,
1029 1307 1102 1350 cum

86 1373 121 1436 in
140 1373 269 1457 agmine
283 1372 404 1437 milites
419 1371 629 1456 <conti>nere
642 1374 754 1455 uellet,
771 1374 998 1457 pronuntiauit
1017 1396 1102 1438 com-

86 1460 210 1545 perisse
240 1482 273 1524 se
295 1461 432 1525 insidias
461 1462 502 1525 ab
530 1461 679 1527 hostibus
703 1461 891 1547 dispositas3
919 1462 1101 1528 idcircone

88 1548 288 1613 discederent
311 1571 331 1614 a
355 1549 458 1634 signis
481 1570 563 1614 neue
587 1571 705 1635 agmen
728 1551 889 1616 laxarent:
918 1551 1004 1635 quod
1028 1573 1100 1615 cum
1121 1571 1153 1620 15

89 1637 255 1718 [solueret]
285 1659 323 1701 ex
353 1638 526 1720 disciplina
555 1638 701 1720 fecisset,
730 1643 883 1722 exceptus
906 1637 992 1702 forte
1014 1639 1100 1704 ueris

86 1725 229 1809 insidiis,
253 1725 330 1809 quia
352 1726 569 1809 praedixerat,
591 1726 759 1790 interritos
783 1727 904 1790 milites
926 1727 1051 1792 habuit.

158 1903 172 1950 1
192 1898 247 1951 nisi
261 1914 311 1952 oin.
326 1897 352 1951 G
372 1898 377 1967 Ι
402 1904 417 1952 6
436 1898 508 1952 idern
525 1899 812 1966 auenniensem
832 1898 836 1965 Ι
856 1913 944 1967 prope
962 1898 1101 1967 uirgultas

87 1968 244 2035 siluamque
258 1969 277 2022 d
293 1970 298 2037 Ι
314 1973 329 2021 9
350 1968 417 2022 exiit
431 1968 466 2023 H
469 1967 478 1998 ¹
494 1973 499 2037 Ι
516 1974 550 2022 10
568 1969 639 2023 idem
655 1970 806 2038 exemplrnn
819 1973 883 2036 2,4,
894 1973 929 2023 16
945 1971 950 2036 Ι
966 1974 999 2021 11
1015 1969 1101 2023 inter·

85 2038 177 2092 iectus
189 2038 224 2091 H
236 2041 241 2106 Ι
258 2043 291 2091 12
306 2036 444 2107 Hispania
458 2038 522 2093 ΗΡ
536 2038 620 2093 italia
633 2039 659 2093 G
675 2043 679 2109 Ι
696 2045 730 2093 13
749 2040 834 2094 uerba
852 2039 995 2094 continere
1014 2039 1101 2094 uellet

85 2137 121 2149 -
140 2107 245 2163 milites
263 2108 364 2162 habuit
386 2110 489 2165 codices
511 2111 692 2180 editionesque
711 2111 829 2180 exemplo
846 2113 867 2165 2
871 2151 881 2178 ,
895 2114 945 2176 12,
960 2116 980 2165 2
1000 2111 1100 2164 adiun-

85 2186 167 2250 gunt:
185 2181 250 2233 buic
268 2196 301 2233 ec
314 2181 432 2249 enemplo
445 2181 565 2235 restitnit
579 2181 710 2248 Hedicke,
728 2182 762 2249 ef.
775 2182 862 2250 praef.
873 2180 895 2252 ἕ
903 2186 919 2235 1
936 2183 941 2252 Ι
957 2181 1100 2236 continere

84 2249 174 2304 uellet
190 2266 240 2305 nos
258 2266 323 2327 nere
342 2251 450 2305 uellent
468 2247 534 2306 GH
552 2250 644 2305 redire
663 2252 770 2307 uellent
788 2251 817 2305 P
837 2253 932 2307 tenere
951 2252 1038 2306 uellet
1056 2252 1098 2307 M.

84 2320 171 2375 Hertz
186 2322 312 2389 (Hennes
326 2327 353 2392 6,
362 2326 431 2390 384)
447 2322 488 2377 ire
502 2323 612 2377 nollent
625 2322 723 2378 Tbeod.
735 2324 888 2378 Mommsen
903 2326 907 2390 Ι
925 2329 958 2377 16
977 2324 1101 2377 solueret

88 2390 154 2446 GH
174 2393 281 2447 soluere
301 2393 341 2446 P:
363 2395 436 2462 qnod
453 2409 514 2448 eun
531 2395 662 2462 ennena
679 2396 762 2448 uerbo
781 2393 909 2447 laxarent
926 2394 1099 2460 adscriptum

64 2463 337 2529 ‚uideatnn'deleui
360 2464 488 2518 solumd
511 2462 625 2518 sollerte
645 2463 716 2518 Oud.
741 2463 871 2518 sollemni
889 2462 972 2517 Goetu
993 2465 997 2530 Ι
1022 2463 1098 2529 qnod

86 2548 157 2599 cum,
171 2549 206 2585 ne
222 2532 376 2586 solueretur
388 2533 547 2602 disciplina,
561 2532 676 2587 fecisset
684 2535 754 2588 Ded.
771 2536 776 2600 Ι
793 2539 826 2588 17
837 2532 886 2602 qui
895 2533 930 2586 H
931 2532 940 2563 ¹
956 2535 960 2602 Ι
976 2534 1099 2601 exemplu

84 2606 202 2668 43-45,
215 2618 285 2671 qnae
298 2603 482 2671 inprieribus
495 2604 662 2658 editionibus
674 2604 864 2673 sequebantur,
878 2604 915 2657 nd
928 2608 958 2670 2,
968 2608 996 2669 9,
1006 2607 1098 2658 8-10

84 2673 196 2727 reducit
215 2672 347 2728 Hedicke:
375 2675 409 2741 ef.
428 2674 520 2741 praef.
539 2673 594 2745 §1
619 2676 622 2738 Ι
647 2675 811 2742 subscriptio
834 2676 866 2728 in
885 2672 909 2727 0
929 2675 1001 2728 deest
1023 2672 1098 2727 IULI

85 2741 190 2808 (IULII
201 2743 261 2810 bP)
273 2742 450 2798 FRONTINI
463 2742 603 2798 STRATE
617 2741 795 2799 daueros
807 2744 917 2798 LIBER
930 2742 1099 2817 QUARTUS

87 2812 156 2881 (llll
175 2813 218 2880 H)
238 2812 407 2868 EXPLICIT
428 2813 525 2869 dHP
