2468 3832
133 123 174 187 16
335 122 410 177 IULI
428 120 604 177 FRONTINI
625 119 947 176 STRATEGEMATON

131 285 263 350 modum
282 306 380 350 cauae
403 285 498 349 lunae
517 284 609 348 duxit
627 287 660 348 et
678 285 847 348 oneratum
866 284 1012 348 materiis
1036 285 1156 350 incen-'

132 375 193 438 dit:
225 377 322 457 atque
349 374 397 439 ita
424 373 563 438 exclusis
590 371 740 436 hostibus
768 371 888 436 flumen
915 372 1017 437 libere
1040 378 1147 439 trans-

133 484 264 548 gressus
288 466 345 527 est.

198 553 229 617 2.
261 549 420 615 Similiter
446 548 616 633 Pelopidas
643 548 816 612 Thebanus
844 549 931 613 bello
958 550 1146 616 Thessalico

97 657 113 705 o
131 639 307 704 transitum
327 638 497 724 quaesiuit.
531 658 672 720 namque
691 639 806 701 castris
826 638 1019 721 ampliorem
1038 640 1147 704 locum

133 751 230 813 supra
252 729 358 811 ripam
382 726 583 810 complexus,
605 725 728 789 uallum
753 727 890 790 eemolis
910 730 943 790 et
962 727 1026 792 alio
1045 731 1148 792 mate·

131 818 198 881 riae
218 837 335 901 genere
352 817 573 882 constructum
587 814 743 878 incendit:
763 814 902 898 dumque
921 816 1053 901 ignibus
1073 817 1148 881 sub·

132 908 306 969 mouentur
328 904 455 987 hostes,
477 904 547 987 ipse
569 902 704 967 fluuium
729 903 901 985 superauit.

199 992 229 1056 3.
254 992 290 1068 Q.
304 991 455 1056 Lutatius
470 990 615 1074 Catulus,
634 1013 707 1055 oum
726 1014 746 1055 a
760 989 901 1056 Oimbris
920 993 1033 1075 pulsus
1048 1015 1148 1058 unam

98 1098 114 1146 ο
134 1102 224 1164 spem
244 1081 358 1145 salutis
377 1080 522 1163 haberet,
542 1081 571 1144 si
589 1080 709 1144 flumen
727 1080 912 1164 liberasset,
932 1081 1022 1145 cuius
1041 1082 1148 1165 ripam

133 1169 244 1234 hostes
277 1171 446 1253 tenebant,
477 1169 512 1232 in
539 1169 687 1252 proximo
714 1172 825 1233 monte
852 1169 964 1252 copias
992 1170 1149 1253 ostendit,

133 1261 298 1341 tamquam
327 1258 374 1322 ibi
397 1261 503 1322 castra
527 1257 702 1341 positurus.
749 1279 786 1321 ao
809 1258 974 1340 praecepit
997 1259 1079 1342 suis,
1106 1280 1148 1323 ne

133 1349 275 1411 sarcinas
304 1347 469 1410 soluerent
493 1350 550 1409 aut
573 1367 672 1409 onera
695 1345 893 1430 deponerent
919 1367 982 1410 neu
1006 1347 1078 1430 quis
1106 1348 1148 1412 ab

133 1434 300 1501 ordinibus
325 1434 491 1518 signisque
515 1433 707 1517 discederet,
739 1437 772 1498 et
800 1456 862 1519 quo
886 1435 993 1520 magis
1016 1457 1149 1518 persua·

98 1523 258 1587 saionem
295 1521 439 1586 hostium
476 1522 695 1605 confirmaret,
732 1544 835 1605 pauca
869 1523 1080 1590 tabernacula
1113 1526 1150 1589 in

132 1614 306 1694 conspectu
326 1611 407 1694 erigi
425 1610 521 1675 iussit
540 1610 696 1695 ignesque
714 1612 784 1675 fieri
803 1614 836 1675 et
850 1611 1005 1697 quosdam
1022 1613 1149 1677 uallum

133 1703 270 1781 struere,
304 1698 462 1782 quosdam
489 1699 525 1763 in
552 1698 781 1783 lignationem,
813 1703 850 1763 ut
877 1702 1150 1784 conspicerentur,

133 1788 232 1851 exire:
252 1788 338 1871 quod
353 1785 476 1852 Cimbri
494 1808 569 1852 uere
589 1789 643 1873 agi
663 1788 888 1852 existimantes
903 1793 936 1852 et
954 1790 1018 1872 ipsi
1033 1790 1149 1854 castris

132 1876 323 1961 delegerunt
352 1877 459 1940 locum
490 1876 690 1960 dispersique
704 1911 708 1919 ·
722 1876 757 1940 in
788 1877 953 1960 proximos
983 1898 1079 1962 agros
1108 1879 1149 1942 ad

97 1981 112 2030 ο
133 1964 350 2048 comparanda
371 1987 422 2049 ea,
446 1987 529 2048 quae
553 1964 715 2029 mansuris
737 1967 922 2030 necessaria
945 1970 1034 2050 sunt,
1058 1987 1150 2031 occa·

133 2055 257 2117 sionem
281 2053 437 2117 dederunt
460 2051 577 2117 Catulo
600 2075 667 2119 non
690 2055 795 2117 solum
822 2054 942 2118 flumen
969 2054 1152 2141 traiciendi,

133 2140 313 2205 sedetiam
337 2145 444 2205 castra
468 2162 579 2205 eorum
602 2142 787 2206 infestandi.

199 2230 230 2293 4.
258 2227 413 2312 Croesus,
442 2249 514 2292 cum
538 2229 648 2313 Halyn
676 2230 759 2294 uado
783 2231 923 2295 transire
946 2253 1014 2295 non
1037 2237 1151 2315 posset

133 2338 237 2401 neque
270 2318 403 2381 nauium
436 2321 492 2382 aut
523 2319 635 2400 pontis
668 2318 808 2383 faciendi
841 2321 969 2402 copiam
1004 2319 1152 2404 haberet,

99 2423 114 2471 o
133 2405 223 2470 fossa
246 2407 411 2489 superiore
434 2409 527 2490 parte
549 2410 626 2490 post
649 2411 757 2472 castra
781 2407 918 2472 deducta
941 2409 1069 2483 alueum
1092 2409 1151 2473 flu·

134 2495 214 2559 mini
239 2517 257 2558 a
280 2499 375 2578 tergo
400 2495 559 2559 exercitus
585 2495 635 2558 sui
657 2495 805 2560 reddidit.

200 2583 230 2649 5.
255 2581 311 2648 On.
325 2582 502 2667 Pompeius
520 2582 701 2666 Brundisii,
724 2606 797 2648 curn
821 2584 971 2649 excedere
995 2584 1094 2649 Italia
1117 2590 1153 2651 et

133 2673 309 2737 transferre
333 2673 453 2737 bellum
477 2673 714 2756 proposuisset,
742 2674 885 2737 instante
910 2697 929 2737 a
952 2677 1047 2757 tergo
1070 2671 1152 2739 an-

134 2781 205 2824 sare
242 2782 472 2825 conscensurus
510 2762 647 2826 classem
683 2762 840 2844 quasdam
873 2763 1037 2826 obstruxit
1069 2763 1152 2846 uias,

98 2865 115 2914 ο
134 2849 216 2912 alias
234 2848 415 2932 parietibus
434 2850 654 2933 intersaepsit,
680 2850 760 2914 alias
780 2850 946 2914 intercidit
963 2850 1062 2914 fossis
1082 2872 1152 2915 eas-

133 2959 193 3018 que
217 2936 351 3001 sudibus
376 2939 489 3003 erectis
512 2938 698 3021 praeclusas
722 2939 848 3022 operuit
870 2939 1027 3012 cratibus,
1050 2939 1152 3005 humo

205 3129 317 3184 4bello
331 3131 371 3196 H,
390 3131 437 3184 sed
451 3146 467 3184 o
481 3130 513 3183 in
526 3145 581 3183 ras.
596 3131 716 3184 dnnrnm
730 3130 783 3184 litt.
800 3131 804 3200 Ι
821 3137 837 3185 6
852 3129 972 3185 cernulis
987 3133 1005 3186 b
1021 3135 1024 3198 Ι
1042 3137 1057 3185 9
1074 3147 1152 3201 cym-

133 3199 191 3254 bris
209 3201 243 3253 H
265 3201 270 3270 Ι
300 3206 332 3254 12
356 3200 396 3254 ibi
419 3201 478 3255 cdd.
507 3202 537 3254 in
555 3200 630 3268 ΗΡ,
656 3217 706 3255 om.
726 3202 745 3256 d
769 3204 774 3270 1
798 3218 833 3256 ne
856 3217 907 3256 om.
926 3201 971 3255 H¹
1000 3203 1004 3269 Ι
1036 3208 1068 3256 13
1097 3217 1155 3257 neu

134 3270 259 3325 Eussner
277 3287 313 3325 ne
327 3271 414 3338 ΗΡΙ
436 3276 470 3324 14
484 3272 513 3325 et
527 3288 577 3326 om.
588 3271 653 3340 H¹l
678 3278 711 3327 18
726 3273 881 3341 cymbriH
893 3275 898 3341 Ι
918 3279 953 3326 24
971 3272 1097 3328 habebat
1111 3273 1155 3342 H,

134 3342 206 3409 qnod
221 3358 273 3410 per
287 3343 465 3412 parenthesin
483 3347 575 3397 tnctnr
593 3341 709 3409 Hortel;
728 3345 762 3409 ef.
779 3345 869 3413 praefi
889 3343 910 3414 5
928 3344 984 3412 121
1007 3349 1041 3398 25
1060 3342 1155 3398 flumi-

134 3411 178 3464 nis
197 3411 229 3465 H
234 3412 268 3479 P,
287 3430 334 3468 eni.
353 3413 476 3481 Hartell
499 3419 533 3468 2⁷
553 3415 702 3469 excederet
719 3414 754 3468 H
756 3416 801 3482 ΡΙ
820 3413 918 3469 italiae
937 3415 989 3485 ΗΙ
1015 3421 1048 3468 31
1068 3431 1157 3485 prae-

137 3481 241 3554 clusas]
261 3500 300 3539 an
317 3485 477 3553 praeacutis
496 3485 512 3539 ?
521 3486 557 3552 cf.
578 3485 653 3541 Caes.
668 3487 693 3541 b.
707 3502 730 3541 c.
746 3490 772 3553 1,
786 3490 826 3541 27
