2468 3832
130 142 172 206 86
334 140 410 196 IULI
427 138 605 197 PRONTINI
626 139 948 197 STRATEGEMATON

129 305 197 372 acie
225 304 291 370 fusi
314 308 435 390 essent,
465 307 687 390 spargeretur,
714 326 777 388 quo
800 304 930 370 facilius
954 303 1148 389 conligendo,

128 394 250 481 praeda
272 394 402 459 hostem
425 393 606 479 inpeditum
630 393 816 477 effugerent.

196 484 226 549 2.
249 481 406 567 Tryphon
420 480 532 567 Syriae
546 505 603 547 rex
617 483 723 547 uictus
737 504 795 567 per
811 485 918 547 totum
935 482 999 547 iter
1016 480 1146 566 fugiens

128 571 299 657 pecuniam
332 571 453 656 sparsit
481 574 513 636 et
541 571 695 636 sectanda
722 570 805 655 e<a>
833 570 988 636 Antiochi
1021 571 1147 656 equites

94 664 273 727 tmoratus
298 661 419 745 effugit.

196 751 225 815 3.
254 749 290 826 Q.
316 747 490 831 Sertorius,
518 749 632 832 pulsus
655 749 724 814 acie
748 770 767 812 a
790 747 827 823 Q.
849 748 982 814 Metello
1005 746 1080 830 Pio,
1103 770 1146 813 ne

127 839 242 924 fugam
269 837 399 923 quidem
425 837 490 902 sibi
512 840 619 904 tutam
643 838 833 922 arbitratus,
861 838 951 902 abire
980 835 1146 920 dispersos

129 929 250 993 milites
279 926 387 1011 iussit,
414 926 600 992 admonitos
628 926 663 991 in
691 947 786 1010 quem
814 926 922 991 locum
946 926 1048 990 uellet
1070 948 1145 993 con-

128 1037 248 1080 uen1re.

77 1122 109 1171 10
195 1105 225 1168 4.
255 1102 425 1169 Viriathus
454 1104 518 1169 dux
545 1103 777 1170 Lusitanorum
804 1103 913 1187 copias
946 1106 1077 1167 nostras
1100 1103 1146 1169 lo-

129 1214 303 1277 corumque
327 1192 535 1277 iniquitatem
559 1193 664 1258 euasit
686 1192 798 1258 eadem
822 1214 886 1277 qua
910 1189 1072 1257 Sertorius
1095 1214 1147 1257 ra·

128 1283 231 1367 tione,
254 1304 368 1366 sparso
394 1282 550 1364 exercitu,
575 1282 649 1347 dein
671 1282 863 1347 reconlect0.

195 1370 225 1437 5.
254 1370 411 1436 Horatius
436 1369 564 1453 Cocles,
592 1374 752 1455 urguente
779 1368 964 1434 Porsennae
993 1370 1146 1455 exercitu,

128 1459 225 1524 iussit
254 1481 328 1524 suos
352 1480 411 1542 per
433 1459 567 1543 pontem
589 1458 697 1524 redire
723 1459 757 1523 iu
785 1459 899 1524 urbem
926 1479 1077 1543 eumque,
1104 1480 1147 1524 ne

76 1565 109 1614 15
128 1570 184 1612 eos
207 1548 433 1632 insequeretur
459 1546 578 1631 hostis,
606 1546 805 1613 intercidere.
838 1546 924 1631 quod
947 1547 1025 1612 dum
1049 1547 1147 1612 effici·

127 1641 194 1720 tur,
217 1637 252 1700 in
275 1636 381 1721 eapite
404 1638 472 1702 eius
496 1640 721 1721 propugnator
742 1636 813 1719 ipse
836 1636 1044 1720 insequentes
1064 1637 1146 1702 deti-

127 1725 213 1792 nuit:
245 1725 355 1790 audito
376 1724 490 1790 deinde
513 1725 643 1810 fragore
666 1724 776 1810 pontis
800 1725 944 1809 abrupti,
969 1724 1086 1792 deiecit
1109 1747 1145 1791 se

126 1814 161 1879 iu
190 1815 320 1880 alueum
353 1836 490 1899 eumque
518 1814 553 1879 in
583 1814 682 1880 armis
711 1819 744 1880 et
771 1813 959 1879 uulneribus
988 1819 1144 1881 oneratus

127 1904 282 1970 tranauit.

74 2008 108 2058 20
195 1993 224 2056 6.
248 1991 404 2057 Afranius
423 1990 458 2056 in
476 1990 637 2076 Hispania
656 1991 697 2058 ad
715 1991 864 2077 ilerdam,
884 2013 956 2057 eum
972 1990 1147 2059 Caesarem

127 2079 267 2165 fugeret,
295 2081 438 2145 instante
462 2102 499 2145 eo
523 2085 632 2146 castra
659 2082 783 2165 posuit:
811 2103 884 2146 eum
912 2079 999 2146 idem
1023 2080 1146 2148 Caesar

127 2169 259 2232 fecisset
281 2173 314 2232 et
336 2169 527 2255 pabulatum
551 2191 627 2235 suos
646 2169 835 2254 dimisisset,
859 2170 916 2235 ille
940 2171 1069 2255 signum
1094 2193 1146 2237 re-

127 2260 225 2339 pente
248 2256 361 2321 itineri
384 2256 480 2321 dedit.

195 2346 223 2409 7.
257 2344 433 2429 Antonius,
465 2366 536 2410 cum
565 2367 604 2411 ex
631 2345 763 2412 Parthis
791 2347 992 2412 instantibus
1023 2347 1146 2433 recipe-

74 2451 107 2501 25
127 2437 178 2499 ret
205 2435 380 2500 exereitum
403 2438 450 2513 et,
478 2435 626 2519 quotiens
658 2435 765 2520 prima
795 2437 866 2501 luce
934 2439 1062 2521 oueret,
1094 2440 1146 2502 to-

127 2523 213 2590 tiens
237 2523 452 2609 urguentibus
471 2524 685 2591 barbarorum
705 2525 836 2610 sagittis
862 2525 868 2538 '
910 2530 1069 2592 estaretur
1088 2526 1146 2591 eb·

199 2743 213 2789 1
233 2738 410 2805 spargeretur
427 2736 448 2791 d
469 2738 614 2806 pateretur
631 2735 678 2791 H¹
700 2737 863 2807 parceretur
880 2736 949 2804 irPl
974 2742 991 2792 3
1010 2736 1146 2808 Thrypon

127 2805 290 2874 OThryfon
304 2806 339 2860 H
354 2805 479 2876 Triphon
496 2806 552 2876 ΡΙ
580 2808 655 2862 inter
673 2807 708 2862 H
722 2812 787 2862 cate
803 2823 859 2862 rus.
889 2809 894 2876 1
923 2813 942 2861 4
964 2809 993 2863 et
1011 2809 1146 2864 sectanda

127 2894 161 2933 ea
178 2893 228 2932 uos
246 2878 272 2932 ei
292 2877 442 2932 sectandae
461 2876 550 2946 (diae
568 2877 625 2946 H1)
644 2878 680 2934 H
683 2879 712 2932 P
733 2894 822 2948 eaque
841 2879 980 2934 sectantes
998 2880 1057 2936 cdd.
1075 2882 1080 2949 Ι
1096 2897 1146 2935 an-

126 2947 234 3004 thiochi
249 2948 281 3001 H
297 2951 301 3016 Ι
317 2952 333 3002 5
352 2949 476 3003 moratus
490 2949 531 3016 H,
548 2950 596 3005 sed
612 2949 692 3004 ratus
709 2950 742 3004 ia
758 2965 814 3005 ras.
832 2950 851 3004 h
868 2952 992 3005 moratos
1007 2951 1027 3006 d
1042 2953 1047 3019 Ι
1063 2951 1146 3022 eique

127 3020 276 3075 sectandae
290 3019 324 3074 A.
339 3036 363 3074 e.
380 3019 535 3074 inmoratus
552 3019 622 3075 Oud.
639 3023 644 3089 Ι
660 3027 676 3075 6
691 3036 709 3075 a
726 3019 825 3091 quinte
844 3021 879 3075 H
883 3022 929 3090 ΡΙ
946 3028 962 3078 7
980 3023 1071 3077 totam
1089 3023 1125 3077 H

127 3096 161 3145 10
171 3089 296 3146 Viriatus
311 3091 356 3158 ΡΙ
372 3088 557 3146 lusitanorum
570 3091 610 3157 H,
627 3092 675 3147 ced
692 3092 743 3146 tan
760 3093 793 3147 ia
810 3093 898 3148 raet
914 3096 918 3161 Ι
935 3098 967 3147 12
988 3093 1123 3150 deinded

127 3167 160 3216 13
178 3161 326 3217 Hortacius
345 3161 411 3231 11¹1
441 3167 475 3216 14
494 3178 612 3232 eumque
631 3179 670 3218 aa
688 3180 807 3232 eumque
825 3165 857 3218 ia
875 3163 910 3218 H
918 3166 964 3232 sit,
982 3165 1117 3220 iocatum

128 3238 161 3286 15
180 3249 227 3288 eos
245 3234 440 3302 insequeretur
451 3233 521 3288 Oea.
537 3250 604 3288 casn
622 3237 784 3304 sequeretur
798 3233 833 3290 H
837 3236 865 3287 P
882 3251 916 3289 ea
929 3236 1146 3305 subsequeretur

125 3302 257 3376 Lipsius!
283 3304 320 3359 du
339 3305 379 3371 H,
397 3305 476 3359 aedri
494 3306 526 3359 in
543 3306 655 3374 ruah!
678 3311 710 3360 18
729 3306 822 3362 aluem
841 3305 911 3379 H¹1
936 3308 965 3360 et
983 3307 1143 3380 HsedPl

125 3390 182 3428 non
201 3375 286 3429 armis
305 3376 355 3431 sed
373 3375 452 3432 Stew.
471 3375 604 3431 eternis
623 3378 653 3431 et
671 3377 751 3434 Mod.
776 3378 781 3445 Ι
806 3383 841 3432 20
863 3377 1002 3434 hilerdam
1021 3379 1050 3432 P
1078 3382 1083 3447 Ι
1108 3384 1142 3433 21

113 3448 248 3570 ⁴⁹ppppseulpp,
264 3446 378 3581 marl?
400 3463 455 3573 φῶς.
476 3449 481 3516 Ι
506 3452 554 3573 2}
555 3446 674 3552 1Parthis
697 3464 747 3504 uos
764 3451 846 3517 parte
865 3446 925 3503 sine
946 3450 982 3504 H
984 3449 1014 3504 P
1029 3450 1144 3507 Parthis

244 3558 250 3570 .
372 3535 406 3573 ar
443 3535 506 3573 rum
