2468 3832
129 137 195 202 134
330 137 406 193 IULI
422 137 601 193 fromn]
618 137 943 193 srmsscnmox

127 322 245 384 equum
275 303 308 363 et
335 301 481 365 laborem
515 324 612 365 suum
637 301 673 365 iu
699 301 882 364 necessaris
909 301 983 366 duci
1011 325 1154 368 munera

126 393 316 453 reserusret

195 478 226 541 3.
258 477 459 559 Alexander,
480 499 555 542 cum
576 478 684 541 hieme
706 476 837 541 ducmet
859 478 1046 560 exercitum,
1068 480 1154 544 resi-

126 565 207 630 dens
230 565 272 629 ad
293 566 405 650 ignem
426 586 659 648 recognoscere
682 565 919 648 praetereuntis
942 567 1053 650 copias
1075 589 1154 632 coe·

91 654 190 738 opit3
214 675 351 738 cumque
374 655 597 738 conspexisset
618 653 781 736 quendam
802 675 904 736 prope
926 655 1154 720 exanimatum

125 742 268 894 gigore,
296 742 467 894 pppsidere
490 743 569 842 ,loco
602 764 662 842 suo
686 742 1020 895 hffflrhsfflduhpqi:
1048 742 1154 897 ‘sitifim

154 853 235 895 ersis
253 853 296 894 na
487 853 523 893 ιιι
651 852 687 894 se
986 854 998 895 1
1021 853 1061 896 cs
1084 855 1100 896 1

125 919 226 999 foret,
248 919 284 982 in
307 851 498 983 Muceoeddsdiu
520 851 828 983 nhetdlhouoeffim.'
1060 855 1083 916 p

193 1009 225 1071 4.
257 1005 362 1071 Diuus
398 1007 569 1091 Augustus
600 1005 838 1091 Vespasianus,
873 1028 948 1070 cum
980 1007 1150 1090 quendum

75 1111 109 1160 ιο
127 1094 366 1159 adulescentem
389 1095 527 1160 honeste
548 1099 679 1179 nutum,
705 1094 843 1159 militiae
865 1094 1060 1179 inhabilem,
1089 1119 1151 1161 an-

127 1183 312 1270 gustiarum
329 1185 377 1248 rei
395 1181 570 1249 familiaris
588 1206 687 1248 cause
704 1182 878 1247 deductum
900 1182 941 1247 sd
962 1184 1152 1268 longiorem

126 1272 274 1338 ordinem
299 1274 464 1355 rescisset,
493 1295 593 1338 censu
620 1272 799 1337 constituto
825 1271 966 1336 honeste
986 1272 1150 1339 missione

126 1363 359 1427 exauctorauit

391 1567 452 1623 VII
479 1569 528 1623 DE
546 1568 672 1624 vlnus
690 1567 874 1624 CONSILIIS.

64 1708 106 1779 '15
193 1715 221 1776 1.
254 1710 289 1778 (l.
304 1710 424 1778 Caesar
446 1713 576 1779 dicebat
598 1713 685 1778 idem
709 1713 773 1776 sihi
796 1734 868 1776 esse
890 1714 1065 1778 consilium
1090 1716 1149 1780 sd-

124 1824 238 1866 uersus
267 1802 414 1885 hostem,
446 1803 532 1886 quod
562 1803 725 1887 plerisque
758 1801 892 1865 medicis
919 1806 1033 1866 contro
1059 1804 1149 1869 uitis

124 1913 310 1976 corporum,
332 1892 421 1956 fame
443 1893 554 1975 potius
577 1913 674 1976 quum
697 1890 784 1954 ferro
808 1890 991 1973 superandi

191 1981 221 2044 2.
251 1979 417 2045 Domitius
454 1977 597 2045 Corbulo
634 1978 770 2043 dolubra
806 1978 853 2057 [id
890 1982 941 2043 est
972 1978 1146 2062 operibus]

124 2067 252 2131 hostem
275 2068 469 2134 uincendum
492 2090 563 2132 esse
586 2067 723 2131 dicebat

72 2169 108 2220 ιο
192 2156 221 2219 3.
253 2154 288 2218 L.
320 2155 440 2220 Paulus
472 2158 702 2239 imperatorem
734 2175 845 2219 senem
881 2155 1026 2219 moribus
1059 2155 1147 2221 dice·

126 2242 186 2305 hut
217 2264 286 2305 esse
318 2248 480 2326 oportere,
508 2244 697 2326 significuus
727 2243 947 2309 moderatiore
977 2245 1145 2328 sequendo.

125 2330 269 2396 consilis.

191 2422 222 2485 4.
250 2418 360 2503 Scipio
375 2418 549 2484 Africanus
567 2418 669 2482 fertur
687 2418 817 2502 dixisse,
840 2442 913 2484 cum
932 2441 1005 2484 eum
1024 2442 1144 2503 parum

125 2509 257 2593 quidam
284 2529 466 2593 pugnacem
494 2508 650 2572 dicerent:
682 2506 925 2591 ‘imperatorem
952 2530 1004 2572 me
1028 2514 1145 2592 muter,

72 2610 107 2662 25
124 2618 191 2662 non
213 2597 407 2662 bellatorem
429 2595 577 2680 peperit?

170 2685 221 2759 ,5.
254 2683 289 2749 G.
317 2685 439 2750 Marius
467 2685 614 2750 Teutono
645 2685 838 2769 prouocanti
868 2706 942 2749 eum
970 2688 1003 2749 et
1028 2689 1144 2769 postu-

124 2773 222 2855 lanti,
245 2777 282 2836 ut
306 2774 465 2856 prodiret,
488 2772 671 2857 respondit,
698 2771 727 2836 si
749 2772 884 2857 cupidus
907 2773 1022 2838 mortis
1045 2780 1143 2858 esset,

198 2934 211 2981 1
232 2944 334 2996 equom
348 2929 374 2983 G
390 2932 394 2997 Ι
411 2935 428 2982 4
445 2930 639 2998 pretereuntes
658 2929 694 2982 H
705 2931 710 2996 Ι
731 2934 746 2983 7
765 2928 872 2983 redisse
892 2929 939 2997 ΡΙ
959 2928 1081 2999 capitulo
1100 2932 1121 2986 d
1136 2931 1141 3002 Ι

125 3005 141 3053 8
160 2998 342 3054 concenditur
361 3005 405 3066 (ee
419 3017 453 3054 cx
465 3002 494 3054 te
509 3000 547 3066 G)
563 2999 629 3055 GH
633 2998 642 3029 ¹
658 3002 664 3067 Ι
684 3005 700 3053 9
719 2998 916 3068 deopassianus
930 3000 966 3055 Η
970 3000 980 3030 ¹
995 3004 1000 3069 Ι
1021 3005 1055 3054 10
1074 2999 1144 3057 ado·

124 3068 388 3196 leoscsslgffigdt'dn
410 3088 495 3125 censs
513 3070 542 3123 P
560 3086 659 3125 causae
678 3070 726 3125 Gt
749 3088 832 3125 cause
851 3071 886 3125 H
891 3071 921 3140 1Ι
940 3071 1072 3126 eductum
1091 3072 1142 3143 ΡΙ

199 3216 232 3264 14
251 3209 342 3283 ἀοΙΙΙΙΙΙ
359 3214 501 3282 (quattuor
519 3213 571 3268 litt.
590 3216 695 3281 nosos)
712 3212 748 3268 H
766 3216 771 3281 Ι
794 3217 827 3267 15
847 3211 910 3269 (ld
931 3212 962 3269 T.
978 3213 1072 3268 OHP
1096 3215 1145 3268 Ti·
1221 3254 1226 3269 .

126 3284 172 3336 tus
193 3281 240 3350 G!
264 3288 295 3337 17
314 3284 387 3338 ferre
408 3284 454 3351 Gl
475 3282 662 3353 superandid
684 3284 816 3353 sperandi
831 3284 924 3339 GGH
927 3285 973 3350 ΡΙ
997 3289 1031 3338 18
1048 3283 1080 3337 id
1099 3287 1145 3340 cst

127 3351 258 3420 oporibus
275 3354 406 3422 ploseema
424 3371 478 3410 esse
496 3356 570 3409 uidir
585 3354 670 3410 ono.-
687 3355 722 3421 of.
737 3355 828 3424 praef.
848 3354 917 3427 §13
934 3357 939 3424 Ι
959 3355 988 3408 id
1007 3356 1051 3410 est
1065 3354 1133 3411 GH
1135 3357 1144 3388 ¹

126 3421 238 3477 idemlr
265 3423 311 3477 ide
327 3425 355 3477 P
382 3427 387 3492 Ι
414 3429 451 3479 ’20
470 3440 564 3479 senem
587 3441 637 3481 om.
653 3425 681 3480 G
700 3429 705 3496 Ι
730 3432 764 3481 23
783 3425 933 3480 affricanus
955 3425 981 3480 (τ’
1000 3428 1005 3495 Ι
1025 3424 1145 3494 quidem

124 3509 225 3561 purum
243 3493 282 3562 dl
302 3499 336 3550 26
354 3497 473 3550 teutnon
486 3496 522 3550 H
748 3510 752 3515 '
