2468 3832
154 136 196 203 28
358 135 434 191 IULI
451 133 630 190 FRONTINI
651 132 972 190 STRATEGEMATON

154 321 243 367 cesse
265 300 329 365 fuit
351 303 448 384 capta
467 299 603 364 castella
622 296 784 383 praesidio
805 297 965 364 obtinere:
989 318 1071 381 quos
1091 296 1180 364 Dio-

153 390 280 473 nysius,
302 388 451 454 redactos
475 387 516 453 ad
539 409 637 472 quam
660 387 808 454 voluerat
831 386 1043 470 paucitatem,
1068 408 1180 470 paene

153 480 220 543 iam
238 500 298 561 par
315 498 449 543 numero
470 475 643 560 adgressus
661 476 750 554 uicit,
769 497 842 541 cum
862 497 937 541 suos
954 475 1181 542 contraxisset

155 569 188 632 et
212 566 415 632 aduersarios
439 565 622 649 sparsisset.

119 669 135 719 o
224 655 274 721 12.
298 654 474 739 Agesilaus
493 652 782 735 Lacedaemonius,
802 674 875 717 cum
893 653 1030 718 inferret
1049 653 1179 719 bellum

154 743 402 828 Tissaphernae,
421 739 551 808 Cariam
570 763 605 807 se
623 745 733 826 petere
752 741 927 821 simulauit,
947 742 1041 826 quasi
1061 742 1178 825 aptius

153 833 235 902 locis
249 831 432 899 montuosis
447 831 603 896 aduersus
621 829 749 895 hostem
764 831 909 914 equitatu
928 830 1179 915 praeualentem

154 924 368 1005 pugnaturus.
413 942 471 1003 per
494 920 579 984 hanc
602 919 731 985 consilii
755 918 1009 985 ostentationem
1033 924 1179 987 auocato

154 1009 190 1074 in
204 1007 334 1076 Cariam
348 1008 575 1092 Tissapherne,
594 1008 664 1094 ipse
678 1006 826 1092 Lydiam,
844 1009 902 1074 ubi
915 1011 1013 1092 caput
1026 1008 1178 1075 hostium

104 1113 137 1162 10
156 1097 249 1183 regni
268 1101 349 1179 erat,
370 1096 496 1181 inrupit
518 1097 757 1182 oppressisque,
780 1097 835 1182 qui
857 1096 926 1162 illic
944 1097 1096 1182 agebant,
1119 1118 1177 1182 pe-

156 1188 252 1252 cunia
274 1187 366 1272 regia
387 1188 512 1271 potitus
536 1189 595 1253 est.
665 1238 668 1242 .

235 1396 323 1454 VIIII.
352 1394 401 1449 DE
421 1393 614 1450 SEDITIONE
633 1393 790 1449 MlLlTUM
809 1394 1087 1452 COMPESCENDA.

225 1540 254 1604 1.
287 1538 390 1605 Aulus
418 1538 561 1605 Manlius
589 1539 716 1622 consul,
749 1561 823 1605 cum
855 1541 1068 1626 comperisset
1099 1562 1180 1608 con-

156 1628 280 1692 iurasse
312 1628 432 1695 milites
464 1628 499 1693 in
531 1628 677 1693 hibernis
705 1626 917 1715 Campaniae,
951 1634 988 1695 ut
1018 1630 1179 1712 iugulatis

105 1731 137 1780 15
155 1716 342 1801 hospitibus
360 1717 426 1801 ipsi
444 1739 495 1783 rss
514 1717 705 1783 inuaderent
722 1740 843 1802 eorum,
859 1737 1026 1784 'rumorem
1044 1720 1179 1805 sparsit,

157 1805 271 1872 eodem
293 1807 365 1875 loco
389 1807 631 1873 hibernaturos:
659 1810 757 1892 atque
785 1807 834 1873 ita
857 1807 1004 1892 <dilato>
1027 1809 1179 1874 coniura-

156 1898 265 1960 torum
293 1895 430 1962 consilio
462 1893 676 1980 Campaniam
707 1896 851 1981 periculo
883 1896 1036 1962 liberauit
1069 1901 1103 1962 et
1137 1920 1178 1964 ex

157 1985 324 2050 occasione
346 1989 500 2050 nocentes
523 1984 639 2068 puniit

224 2074 253 2137 2.
277 2073 311 2138 L.
332 2072 438 2157 Sulla,
462 2095 535 2138 cum
557 2073 703 2158 legiones
722 2073 841 2138 ciuium
859 2073 1082 2140 Romanorum
1104 2095 1178 2157 per

104 2176 137 2225 ao
155 2161 281 2225 niciosa
306 2161 463 2226 seditione
485 2160 644 2244 furerent,
672 2162 807 2227 consilio
830 2163 977 2228 restituit
1000 2163 1178 2228 sanitatem

158 2248 310 2315 efferatis.
354 2270 491 2335 propere
515 2249 601 2314 enim
625 2250 812 2316 adnuntiari
835 2252 945 2336 iussit,
967 2251 1096 2317 hostem
1121 2251 1178 2316 ad·

158 2358 242 2421 esse,
274 2341 308 2402 et
335 2338 376 2402 ad
404 2361 495 2402 arma
524 2339 710 2404 uocantium
750 2340 925 2408 clamorem
957 2340 1044 2423 tolli,
1081 2339 1179 2424 signa

158 2447 284 2491 canere:
308 2426 455 2493 discussa
477 2427 592 2493 seditio
617 2432 667 2493 est
684 2429 846 2494 uniuersis
866 2428 1021 2495 aduersus
1044 2428 1179 2494 hostem

157 2516 444 2582 consentientibus.

103 2619 137 2669 aa
225 2604 255 2670 3.
286 2602 342 2671 Cn.
365 2604 555 2689 Pompeius,
577 2605 741 2672 trucidato
765 2606 806 2671 ab
830 2607 974 2672 exercitu
997 2604 1178 2698 Mediolani

233 2802 247 2849 1
268 2796 394 2852 obtinere
413 2798 562 2854 Heinsius:
580 2798 616 2865 cf.
635 2802 662 2865 3,
676 2802 703 2864 3,
717 2803 742 2853 1.
762 2802 821 2865 6,1
844 2797 885 2854 ibi
902 2799 998 2852 tenere
1016 2796 1052 2852 Η
1055 2798 1083 2852 Ρ
1104 2796 1180 2852 mili-

159 2870 221 2922 tum
240 2870 336 2923 tenera
355 2870 374 2924 d
398 2867 403 2940 Ι
428 2875 444 2923 3
462 2885 514 2938 par
532 2885 583 2925 orn.
598 2869 643 2923 H¹
668 2867 672 2940 Ι
702 2874 718 2924 5
737 2867 956 2924 lacaedemoniis
974 2867 1010 2923 Η
1028 2871 1033 2938 Ι
1058 2868 1180 2924 odess-

160 2939 266 3008 pharae
285 2939 321 2994 H
335 2939 518 3008 Tissapherni
537 2942 596 2997 edd,
614 2942 619 3008 Ι
639 2938 743 2995 cariam
761 2956 812 2996 om.
831 2940 877 2995 ΗἸ
892 2943 897 3008 Ι
919 2956 950 2994 se
968 2940 1078 3012 petere]
1096 2955 1180 3010 repe-

157 3013 218 3065 tere
232 3010 285 3081 ΗΙ
302 3017 317 3066 7
333 3010 488 3080 equitatum
503 3011 555 3081 ΗΙ
571 3017 588 3066 9
602 3009 719 3080 Lydiam
733 3042 768 3051 -
782 3013 869 3082 caput
886 3028 935 3067 cm.
946 3011 999 3080 ΗΙ
1016 3017 1051 3067 10
1064 3027 1180 3081 oppres·

159 3081 195 3137 sit
214 3081 319 3151 quique
340 3081 456 3152 (quequi
474 3097 544 3138 corr.
561 3083 592 3151 b)
612 3082 664 3150 ΗΙ
686 3080 730 3136 illi
748 3082 783 3136 H
785 3082 794 3112 ¹

233 3159 266 3208 13
285 3153 408 3218 Manlius
427 3152 486 3208 cdd.
509 3152 612 3208 molius
632 3152 659 3221 (i
677 3169 811 3224 superior.
825 3153 869 3221 H)
886 3153 947 3208 cH
968 3152 1082 3208 mallius
1097 3151 1127 3206 P
1147 3151 1178 3210 C.

156 3222 278 3279 Marcius
295 3223 374 3280 stow.
394 3240 427 3278 ecc
445 3223 512 3278 Ira.
531 3229 558 3291 7,
572 3228 653 3293 38,8
682 3226 687 3293 Ι
717 3223 920 3294 comperissent
938 3224 974 3278 H
993 3229 1058 3280 cate
1075 3239 1144 3279 corr.
1172 3223 1179 3295 Ι

159 3300 193 3350 15
213 3295 432 3365 spargitPl16
452 3294 551 3350 eodem
569 3295 636 3351 dein
646 3294 717 3351 cau.
737 3296 836 3351 eodem
855 3294 1057 3352 denuoHcrtci
1074 3293 1180 3350 iterum

161 3364 261 3421 eodem
282 3365 312 3421 0.
328 3366 490 3433 Hirschfeld
505 3369 509 3425 l
526 3364 616 3422 dilato
634 3367 763 3437 supplesti
781 3368 840 3422 coli.
854 3366 920 3422 Lici.
936 3370 1050 3435 7,38,9
1068 3367 1180 3422 contur-

159 3434 230 3491 bato
249 3437 315 3492 odd.
330 3437 431 3493 Hariel
454 3438 569 3494 turbato
584 3443 648 3508 post
666 3437 784 3493 consilio
802 3439 930 3507 suppleat
948 3438 1007 3509 cdd.
1024 3438 1030 3506 Ι
1053 3443 1087 3492 19
1106 3434 1183 3506 sylla

159 3507 195 3562 H
200 3507 228 3562 P
242 3510 247 3579 Ι
270 3513 303 3562 22
323 3509 456 3562 uocatum
471 3508 506 3562 H
520 3514 584 3565 calc
602 3525 671 3565 corr.
693 3511 698 3578 Ι
720 3514 755 3564 ab
772 3509 886 3564 trudato
900 3507 946 3563 Η1
