2468 3832
431 159 541 214 LIBER
558 160 605 214 IV.
643 157 720 214 cAP.
741 166 765 215 7.
1044 158 1107 223 137

94 323 276 407 respondit:
301 320 414 406 ‘aliqui
438 325 471 385 et
494 322 669 406 supersint,
692 320 748 405 qui
771 320 810 385 de
834 319 971 387 uictoria
993 326 1108 388 nostra

93 412 245 476 hostibus
268 409 440 475 nuntient?

163 500 214 565 16.
248 496 357 582 Scipio
382 498 555 563 Africanus
578 497 682 562 dicere
707 499 822 562 solitus
851 501 901 562 est
927 498 1015 562 hosti
1042 521 1108 564 non

95 588 201 652 solum
229 586 368 651 dandam
401 607 471 651 esse
503 587 591 651 uiam
619 587 660 650 ad
686 585 894 670 fugiendum,
923 586 980 650 sed
1007 589 1106 652 etiam

93 675 310 739 muniendam.
577 709 579 713 <
1127 693 1144 742 5

165 765 215 828 17.
247 762 371 827 Pachss
398 761 609 827 Atheniensis
638 762 823 826 adfirmauit
852 761 1031 826 incolumes
1059 761 1109 827 fu-

94 854 185 915 turos
213 852 341 935 hostes,
370 851 398 914 si
422 851 620 934 deponerent
642 849 777 914 ferrum:
810 851 918 934 eisque
946 851 1108 916 obsecutis

94 939 336 1004 condicionibus
360 939 544 1022 uniuersos,
567 938 621 1022 qui
644 940 676 1002 in
702 940 825 1024 sagulis
847 938 970 1003 ferreas
991 939 1108 1003 fibulas

93 1027 300 1111 habuissent,
322 1027 462 1091 interfici
485 1027 589 1091 iussit

165 1117 216 1180 18.
252 1115 439 1179 Hasdrubal
471 1113 723 1200 subigendorum
759 1068 975 1180 Numidarum
1012 1137 1110 1180 eausa
1128 1135 1166 1184 10
1195 1106 1198 1110 ⁴

95 1203 263 1286 ingressus
292 1203 372 1267 fines
397 1224 507 1267 eorum
530 1204 680 1268 resistere
707 1201 900 1287 parantibus
923 1203 1109 1269 adfirmauit

96 1290 137 1355 ad
161 1291 334 1374 capiendos
363 1313 397 1355 se
421 1291 547 1356 uenisse
561 1291 774 1376 elephantos,
802 1291 920 1374 quibus
947 1291 1037 1357 ferax
1061 1296 1110 1356 est

94 1376 262 1444 Numidia:
292 1386 329 1443 ut
355 1378 417 1445 hoc
445 1381 684 1464 permitterent,
710 1380 921 1464 poscentibus
944 1380 1109 1464 <pretium

95 1468 190 1620 culpi>l
221 1468 440 1620 promigisspt,
473 1490 512 1533 ea
542 1469 751 1553 persuasione
786 1471 940 1533 auocatos
978 1467 1108 1534 adortus

95 1577 132 1619 su
192 1578 267 1620 ees
290 1578 365 1620 ree
417 1606 424 1620 .
1129 1575 1166 1625 15⁴

163 1576 232 1709 19}g
246 1577 399 1710 Alcetasg¹
402 1644 686 1728 Lacedaemonius,
708 1648 745 1707 ut
767 1643 997 1710 Thebanorum
1020 1667 1107 1710 com-

94 1737 237 1798 meatum
260 1731 388 1796 facilius
413 1754 451 1795 ex
473 1732 642 1815 inopinato
663 1732 902 1816 adgrederetur,
924 1735 958 1797 in
982 1735 1108 1798 occulto

93 1821 219 1906 paratis
241 1821 394 1901 nauibus,
421 1823 588 1902 tamquam
614 1841 709 1884 unam
738 1821 870 1884 omnino
893 1820 1030 1885 haberet
1052 1821 1109 1884 tri·

94 1931 226 1986 remem,
241 1907 367 1972 uicibus
377 1907 412 1970 in
422 1929 460 1971 ea
473 1908 630 1992 remigem
645 1907 827 1973 exercebat:
842 1907 982 1991 quodam
996 1907 1109 1972 deinde

93 2000 240 2080 tempore
264 1996 368 2060 omnis
386 2016 487 2060 naues
510 1996 544 2059 in
563 1995 736 2060 Thebanos
760 1997 1037 2082 transnauigantis
1060 1997 1108 2061 in-
1127 2015 1166 2065 ao

94 2085 184 2149 misit
207 2089 241 2149 et
263 2083 497 2148 commeatibus
521 2105 632 2149 eorum
654 2083 777 2168 potitus
800 2088 860 2150 est.

161 2173 213 2238 20.
247 2171 456 2237 Ptolomaeus
475 2171 629 2237 aduersus
643 2172 831 2238 Perdiccam
850 2173 994 2238 exercitu
1015 2194 1109 2257 prae-

95 2261 271 2344 ualentem,
297 2260 367 2343 ipse
394 2260 574 2344 inualidus,
598 2282 693 2325 omne
715 2262 872 2345 pecudum
896 2282 1011 2345 genus,
1035 2262 1109 2326 reli-

94 2349 182 2433 gatis
207 2349 246 2412 ad
269 2351 398 2433 tergum
426 2371 507 2432 quas
534 2350 701 2413 traherent
729 2352 915 2431 sarmentis,
948 2350 1109 2434 agendum

94 2458 296 2521 perpaucos
320 2439 447 2501 curauit
471 2438 610 2522 equites:
633 2438 703 2520 ipse
726 2459 937 2522 praegressus
961 2459 1032 2502 cum
1057 2459 1108 2502 co·
1126 2456 1162 2506 25

95 2525 159 2607 piis
183 2546 263 2608 quas
286 2524 429 2588 habebat
452 2525 566 2609 effecit,
587 2529 625 2589 ut
646 2526 769 2609 puluis,
797 2547 891 2608 quom
916 2547 1034 2608 pecora
1057 2547 1109 2589 ex·

166 2738 183 2786 3
202 2731 350 2786 affricanus
367 2733 393 2788 G
409 2735 446 2799 14
465 2732 502 2788 ad
515 2731 680 2802 fugiendum
691 2733 786 2788 GHP
797 2732 956 2814 fugiendid
972 2734 976 2804 Ι
993 2739 1009 2789 6
1028 2735 1108 2789 athe-

94 2803 205 2857 nienses
219 2803 245 2857 G
261 2805 265 2870 Ι
282 2808 297 2856 8
313 2802 430 2870 singulis
444 2804 487 2858 H¹
504 2807 508 2871 1
526 2808 559 2857 10
574 2803 804 2874 subigensdorum
820 2805 849 2858 P
865 2802 997 2886 subigens
1013 2805 1108 2860 dolum

93 2875 113 2930 d
133 2877 138 2942 Ι
164 2880 198 2928 13
216 2871 333 2928 numida
350 2875 400 2942 ΡΙ
424 2890 476 2944 per
493 2874 548 2930 hoc
566 2875 586 2930 d
605 2877 609 2944 Ι
633 2873 756 2958 pretium
779 2891 843 2928 eum
865 2875 1051 2945 promisisset,
1075 2892 1110 2930 ea

94 2945 196 3001 Hurtci
213 2943 345 3015 promissi
363 2944 418 3002 site
435 2944 495 3001 αθ
512 2945 658 3014 promissis
676 2945 706 2999 id
720 2961 754 2999 ea
769 2948 872 3015 (prim
887 2963 899 2999 s
913 2947 1109 3028 superscripta,

94 3017 177 3072 tertia
196 3032 208 3069 s
226 3017 332 3071 iuras.
353 3017 411 3085 (scd
432 3017 655 3085 ascisceret),
677 3015 763 3071 idio
785 3021 853 3085 ros)
872 3017 908 3070 Η
925 3015 1058 3085 promisit
1081 3020 1110 3071 et

94 3103 128 3141 ea
147 3088 176 3142 P
197 3086 377 3142 securitatem
395 3086 525 3156 promisit
543 3088 573 3141 et
590 3103 625 3142 ea
642 3089 662 3142 d
682 3090 687 3157 Ι
709 3092 742 3141 14
761 3087 861 3142 adortu
882 3086 909 3142 (i
931 3088 1033 3143 abortu
1051 3087 1086 3141 H
1102 3087 1107 3159 Ι

96 3162 128 3213 15
152 3156 257 3226 redigit
275 3156 344 3226 H¹l
371 3163 403 3213 17
423 3157 574 3226 exopinato
592 3158 649 3227 ΗΙ
675 3164 708 3212 19
728 3159 799 3212 ead
827 3175 888 3213 sam
907 3158 1024 3227 GHPl
1048 3175 1109 3212 rem

94 3227 143 3296 ign
145 3245 189 3282 em
212 3229 256 3282 Η1
277 3229 281 3296 Ι
306 3233 341 3282 20
365 3245 460 3282 omnes
483 3228 539 3296 ΗΙ
561 3233 596 3282 22
619 3227 780 3283 Ptolemeus
804 3229 830 3284 G·
856 3227 1037 3284 Ptholomeus
1060 3229 1095 3283 H
1100 3227 1109 3258 ¹

94 3298 275 3354 Ptholomeus
292 3300 395 3368 erlp
397 3299 534 3354 erdictam
549 3299 584 3353 H
586 3298 597 3330 ¹
615 3298 790 3368 praedictum
804 3301 823 3354 h
838 3303 842 3368 1
859 3299 1011 3354 exercitum
1028 3298 1094 3354 GH
1102 3299 1106 3370 l

95 3373 130 3422 24
148 3373 277 3438 stergum
290 3369 381 3424 Pt
334 3386 352 3424 a
368 3371 448 3438 tergo
462 3371 481 3424 d
497 3372 501 3436 1
518 3369 666 3424 sarmentis
678 3369 828 3440 Wesscliap
843 3370 983 3439 carpentis
999 3368 1065 3424 GH
1069 3371 1109 3424 P

94 3439 129 3505 cf.
148 3440 279 3509 Polyetta.
294 3443 378 3505 419.
405 3439 504 3497 Prosit.
519 3446 549 3508 2,
563 3445 618 3508 4,1
645 3442 650 3510 1
675 3446 710 3494 26
729 3441 891 3496 excitabant
911 3439 951 3509 G,
973 3442 1046 3510 quod
1064 3442 1107 3496 de·

94 3510 183 3576 feads’t
200 3457 377 3566 chhurcistcr
547 3532 549 3537 ·
